5084 5984
377 621 592 702 19991919111,
625 628 661 684 ut
693 642 744 686 res
776 621 925 686 mehores
948 619 1026 684 fiant
1049 623 1231 704 (possibilel.
1279 623 1327 686 119
1345 622 1577 687 Demosthenes
1600 644 1667 687 rom
1697 624 1891 687 simillimam
1920 630 2046 706 tractat,
2078 628 2169 690 aliter

377 728 431 789 hie
454 737 564 791 orator.
597 728 696 810 Nihil,
719 731 782 793 nisi
801 731 927 811 justum
951 728 1069 792 bellum
1094 749 1174 807 esse,
1198 749 1273 793 cum
1293 729 1475 794 Alexander
1497 731 1610 793 foedus
1629 736 1721 794 antea
1739 733 1870 813 ruperit,
1893 732 2018 794 civibus
2042 732 2166 814 probat,

376 835 461 898 idem
485 836 564 899 utile
587 854 666 916 esse,
689 837 824 898 strictim
847 842 972 899 tautum
997 839 1015 913 ξ
1036 837 1066 915 2,
1091 837 1120 916 9,
1144 837 1185 898 30
1210 841 1450 913 commemorat,
1475 838 1572 900 semel
1596 840 1614 917 ξ
1636 837 1784 899 2119111111
1808 855 1948 919 quoque,
1971 856 2026 900 eos
2048 838 2168 902 bellum

378 960 493 1022 magna
513 960 586 1004 cum
607 941 724 1005 fiducia
743 943 905 1025 suscipere
923 961 1016 1025 posse
1036 920 1217 1024 (possibile).
1250 940 1373 1006 Deinde
1393 944 1458 1023 jam
1478 943 1667 1007 Schaeferus
1690 964 1760 1026 pag.
1783 944 1855 1022 190,
1874 944 2054 1007 accuratius
2072 947 2167 1008 etiam

377 1046 515 1110 Weilius
534 1068 603 1131 pag.
620 1050 684 1111 462
704 1055 932 1131 exposuerunt,
946 1050 1054 1111 omnia
1073 1054 1269 1131 argumenta,
1288 1049 1406 1130 quibus
1425 1057 1569 1113 uteretur
1584 1058 1696 1130 orator,
1711 1057 1748 1112 ut
1761 1050 1872 1112 foedus
1891 1058 2022 1133 ruptum
2039 1051 2168 1114 demon-

377 1159 499 1235 straret,
517 1155 644 1217 infirma
666 1173 737 1218 esse
760 1162 792 1218 et
815 1174 897 1237 quae
919 1155 1011 1218 facile
1034 1154 1135 1216 refelli
1159 1162 1296 1236 possent.
1335 1153 1425 1218 Duae
1450 1158 1534 1219 enim
1560 1162 1685 1220 tautum
1709 1176 1774 1237 res,
1798 1177 1878 1239 quas
1901 1158 2076 1240 posteriore
2100 1158 2168 1221 loco

377 1259 605 1324 Macedonibus
630 1267 736 1324 orator
753 1263 881 1324 crimini
900 1262 961 1341 dat,
980 1260 1018 1323 ad
1039 1261 1251 1324 Athenienses
1270 1263 1357 1345 ipsos
1375 1264 1545 1345 pertinent,
1568 1269 1600 1326 et
1622 1266 1655 1325 in
1677 1271 1811 1345 utraque
1830 1263 1876 1325 illi
1901 1264 1951 1326 his
1970 1265 2168 1328 minantibus

378 1373 410 1430 et
430 1367 654 1431 resistentibus
677 1375 846 1431 cesserant.
884 1365 977 1442 Quod
996 1367 1034 1429 ad
1054 1366 1194 1449 reliquas
1213 1369 1333 1448 attinet,
1352 1369 1455 1451 prima
1473 1369 1562 1432 nullo
1581 1369 1675 1431 modo
1694 1369 1807 1433 foedus
1825 1371 1978 1433 violatum
1999 1377 2075 1451 erat,
2093 1392 2166 1434 nam

377 1480 461 1537 recte
470 1475 607 1538 Weilius
621 1495 690 1557 pag.
701 1475 777 1554 469,
791 1477 895 1536 auae
911 1474 996 1553 dicit,
1010 1473 1038 1536 N
1041 1493 1152 1537 eonem
1172 1481 1203 1538 91
1211 1472 1461 1555 Thrasylochum
1481 1481 1574 1539 antea
1592 1482 1745 1556 tyrannos
1763 1477 1875 1557 fuisse,
1893 1477 2007 1540 deiude
2021 1477 2167 1561 Phihppo

376 1586 505 1643 mortuo
525 1581 686 1663 expulsos,
703 1579 743 1642 ab
753 1579 936 1642 Alexandro
955 1585 1080 1642 tantum
1098 1581 1246 1647 reductos
1265 1599 1344 1643 esse.
1373 1581 1447 1665 lpse
1466 1588 1569 1644 orator
1587 1581 1648 1643 hoc
1662 1582 1736 1662 jure
1755 1581 1816 1645 sibi
1828 1585 1953 1665 >opponi
1971 1603 2063 1666 posse
2077 1605 2167 1668 prae-

377 1686 467 1767 vidit,
484 1688 593 1769 itaque
606 1687 666 1749 hoc
681 1688 801 1749 crimen
816 1685 913 1748 altero
932 1684 1130 1767 obvolvebat,
1144 1705 1219 1749 cum
1233 1687 1372 1768 adderet,
1390 1687 1609 1750 Alexandrum
1625 1706 1733 1750 secum
1749 1707 1902 1771 pugnare,
1919 1691 1976 1771 qui
1990 1691 2040 1753 hic
2060 1698 2168 1771 tyran-

376 1811 436 1855 nos
450 1793 625 1872 reduceret,
640 1792 728 1855 illinc
739 1790 916 1874 expelleret.
940 1790 1013 1853 dam
1025 1811 1122 1874 supra
1132 1791 1432 1874 demonstravimus,
1447 1794 1503 1856 has
1518 1812 1568 1855 res
1584 1794 1688 1875 specie
1703 1799 1837 1875 tanturn,
1852 1814 1915 1857 non
1932 1814 2043 1858 revera
2057 1817 2167 1861 secum

377 1918 528 1981 pugnare.
574 1898 647 1961 Non
671 1898 787 1961 melius
809 1897 841 1959 id
862 1905 1088 1980 argumentum
1112 1918 1146 1962 se
1166 1899 1268 1979 habet,
1292 1899 1378 1981 quod
1402 1918 1443 1962 ex
1466 1898 1563 1962 rebus
1583 1900 1670 1982 petit,
1694 1919 1776 1982 quae
1794 1899 1931 1982 Sicyone
1948 1909 2056 1985 gestae
2075 1912 2165 1984 sunt,

378 2005 447 2068 suis
471 2006 556 2068 enim
581 2004 687 2067 verbis
711 2004 889 2086 profitetur,
912 2004 1136 2068 Alexandrum
1164 2005 1299 2069 foederis
1323 2004 1448 2089 legibus
1471 2025 1535 2068 non
1559 2006 1702 2086 11919119,
1730 2008 1916 2070 auctoritate
1939 2014 2078 2090 tantum,
2101 2030 2167 2074 non

377 2112 474 2174 aruris
498 2112 653 2189 effecisse,
679 2116 717 2172 ut
739 2112 771 2172 iu
795 2112 906 2175 multis
931 2111 1081 2175 Graeciae
1106 2111 1239 2176 urbibus
1262 2113 1390 2193 tyranni
1413 2111 1511 2176 rebus
1529 2112 1666 2196 publicis
1684 2122 1877 2196 praeessent.
1913 2114 1951 2176 Iu
1976 2117 2164 2180 universum

376 2224 461 2280 reete
484 2217 621 2280 Weilius
645 2217 738 2297 dixit,
767 2237 805 2280 ex
829 2220 898 2301 ipsa
921 2201 1060 2281 oratione
1082 2237 1134 2281 res
1157 2220 1259 2301 promi
1287 2238 1396 2301 posse,
1425 2219 1542 2302 quibus
1570 2220 1702 2284 oratoris
1726 2226 1913 2302 argumenta
1936 2221 2164 2286 refellerentur.

376 2322 480 2386 Tertia
503 2324 642 2406 denique
665 2344 716 2387 res
740 2323 887 2388 Polleuae
909 2332 1007 2407 gesta,
1031 2324 1069 2388 de
1094 2345 1158 2407 qua
1176 2324 1312 2388 Weilius
1332 2326 1491 2407 judicium
1515 2345 1577 2388 uon
1602 2325 1686 2406 facit,
1709 2326 1736 2387 si
1760 2326 1916 2390 Athenaei
1940 2327 2045 2392 locum
2071 2350 2166 2413 supra

377 2430 507 2492 allatum
532 2451 764 2513 comparamus,
786 2434 830 2495 ita
853 2431 891 2495 ab
915 2438 1036 2494 oratore
1058 2437 1185 2494 narrata
1207 2437 1268 2512 991,
1300 2439 1337 2495 ut
1368 2434 1496 2512 tyranni
1523 2433 1664 2496 facinora
1686 2431 1868 2495 Alexandro
1897 2433 1956 2516 ipsi
1982 2431 2165 2515 ascriberet,

376 2536 553 2601 Pausanias
575 2539 648 2619 Vll,
667 2540 719 2618 27,
740 2540 757 2600 7
778 2540 876 2617 affert,
898 2539 991 2601 illum
1017 2537 1054 2600 ab
1074 2538 1257 2602 Alexandro
1277 2539 1479 2618 tyrannidem
1500 2541 1669 2622 accepisse,
1693 2538 1779 2620 quod
1799 2547 1909 2602 utrum
1928 2542 1971 2621 vi,
1990 2562 2031 2604 an
2050 2543 2166 2605 volun-

376 2650 440 2707 tate
463 2629 703 2708 Pellenensium
726 2645 845 2709 factum
869 2648 920 2727 sit,
943 2665 1007 2708 non
1031 2645 1235 2727 intellegitur.
1283 2643 1372 2720 Quae
1395 2665 1470 2708 cum
1495 2647 1538 2708 ita
1562 2646 1639 2726 sint,
1667 2643 1699 2706 id
1724 2645 1828 2708 denuo
1852 2649 2056 2729 cognoscitur
2079 2649 2165 2731 quod

377 2753 548 2831 neminem,
582 2753 638 2834 qui
671 2754 741 2815 siue
772 2754 820 2815 ira
853 2755 884 2815 91
917 2751 1023 2814 studio
1055 2752 1089 2813 iu
1121 2741 1219 2814 rebu's
1250 2752 1348 2833 hujus
1381 2752 1531 2835 temporis
1555 2758 1715 2830 versatur,
1747 2750 1820 2814 licet
1851 2751 1933 2815 absit
1961 2773 1979 2815 a
2006 2752 2165 2836 Droyseni

377 2878 505 2921 summo
538 2878 613 2941 erga
644 2857 832 2922 Macedones
864 2858 982 2938 favore,
1014 2857 1124 2940 fugere
1161 2865 1277 2940 potest,
1313 2857 1452 2920 multum
1489 2859 1642 2920 iuteresse
1669 2857 1754 2919 inter
1781 2863 1899 2921 statum
1932 2878 2040 2922 rerum
2070 2859 2165 2925 Grae-

377 2985 503 3044 carum,
535 2965 639 3047 qualis
670 2964 811 3048 Philippi
842 2970 874 3027 et
907 2963 1010 3045 qualis
1037 2963 1211 3026 Alexandri
1240 2963 1435 3046 temporibus
1462 2963 1566 3027 fuerit.
1621 2963 1680 3026 1119
1712 2964 1823 3027 multis
1851 2970 1882 3027 91
1910 2966 2006 3027 variis
2038 2967 2165 3047 injuriis

378 3071 515 3135 Graecos
539 3071 653 3153 affecit,
687 3078 724 3135 ut
754 3073 902 3154 princeps
925 3073 1097 3153 imperator
1124 3071 1222 3132 totius
1252 3070 1400 3133 Graeciae
1431 3069 1534 3149 fieret,
1567 3070 1618 3131 hic
1649 3071 1796 3152 princeps
1828 3070 1931 3134 factus
1958 3091 2024 3133 non
2059 3073 2164 3137 solum
2258 3083 2262 3089 '

370 3179 536 3262 >prioribus
559 3178 765 3261 temporibus,
789 3177 969 3240 Thebarum
1003 3176 1125 3238 excidio
1149 3180 1295 3258 excepto,
1326 3175 1383 3238 sed
1411 3176 1505 3238 etiam
1537 3182 1647 3258 postea
1674 3179 1775 3259 magis
1804 3197 1861 3259 per
1887 3176 2002 3240 bonam
2030 3182 2163 3262 gratiam

376 3294 408 3348 et
431 3284 669 3348 conditionibus
701 3303 797 3366 quam
831 3303 887 3367 per
918 3284 984 3345 vim
1017 3288 1049 3346 et
1080 3283 1177 3344 aunis
1209 3300 1263 3345 eos
1296 3280 1357 3344 sibi
1389 3282 1556 3345 concihare
1588 3283 1722 3345 studuit.
1771 3282 1963 3346 Testimonia
1996 3285 2091 3367 hujus
2119 3288 2164 3349 191

376 3412 433 3476 per
456 3399 558 3455 totum
584 3392 653 3472 ejus
677 3410 812 3473 regnum
835 3391 975 3473 plurima
998 3393 1081 3452 sunt.
1119 3390 1164 3450 At
1187 3388 1303 3451 dixerit
1327 3389 1495 3471 quispiam,
1519 3407 1584 3450 non
1609 3390 1728 3470 majora
1751 3390 1885 3452 criuriua
1908 3400 2032 3472 praesto
2055 3392 2164 3469 fuisse,

377 3506 534 3561 oratorem
559 3499 658 3581 igitur
680 3496 782 3559 facere
806 3516 868 3559 nou
893 3497 1045 3579 potuisse,
1069 3497 1147 3579 quin
1172 3496 1249 3558 haee
1271 3494 1399 3558 infirma
1421 3502 1610 3577 argumenta
1632 3496 1794 3578 proferret.
1836 3497 1952 3577 Audio,
1976 3498 2031 3560 sed
2055 3504 2165 3560 contra

377 3624 508 3689 quaero,
533 3604 611 3688 quid
640 3603 699 3667 sibi
726 3604 946 3686 proposuerit?
993 3601 1087 3666 Cives
1116 3603 1156 3665 ad
1185 3601 1303 3665 bellum
1337 3608 1445 3665 contre
1467 3600 1657 3664 Macedones
1689 3603 1931 3685 suscipiendum
1963 3623 2164 3666 commovere

377 3714 455 3776 vult.
503 3712 645 3775 Putasne
668 3729 759 3789 1919,
786 3729 919 3773 revera
947 3711 990 3772 ita
1012 3728 1080 3772 rem
1104 3709 1230 3771 institui
1254 3729 1272 3771 a
1295 3710 1363 3771 1119
1395 3727 1502 3773 rerum
1537 3708 1681 3770 civilium
1714 3711 1815 3791 perito
1839 3710 1890 3772 191
1915 3708 1954 3771 ab
1983 3717 2106 3774 oratore
2129 3712 2163 3773 iu

377 3818 495 3882 talibus
517 3817 614 3881 rebus
638 3816 770 3899 agendis
794 3818 981 3896 exercitato,
1009 3821 1046 3878 ut
1068 3817 1123 3877 vix
1151 3821 1183 3878 et
1210 3833 1303 3898 aegre
1326 3815 1460 3877 crimina
1484 3814 1638 3897 quaedam
1667 3817 1768 3898 magis
1795 3816 1868 3878 licta
1897 3836 1991 3898 quam
2017 3818 2163 3879 191911-

314 3907 321 3919 ’
375 3926 520 4008 vestiget,
544 3924 662 4007 quibus
687 3923 893 3998 demonstret,
922 3922 961 3985 ab
989 3923 1078 3985 hoste
1100 3921 1212 3984 foedus
1236 3922 1405 4004 violatum,
1432 3920 1551 3983 bellum
1576 3921 1675 4003 igitur
1703 3921 1945 4004 suscipiendum
1973 3924 2064 3985 esse?
2110 3926 2163 3985 An

376 4032 478 4114 magis
501 4031 718 4094 necessarium
743 4029 798 4092 tibi
822 4029 957 4108 videtur,
980 4028 1096 4111 populo
1120 4028 1154 4090 id
1176 4026 1311 4111 probari,
1334 4033 1461 4110 tempus
1484 4028 1609 4106 adesse,
1634 4048 1698 4111 quo
1718 4029 1833 4111 jugum
1860 4028 2038 4091 cervicibus
2063 4030 2163 4111 impo-

376 4140 473 4201 situm
498 4136 653 4220 depellere
672 4138 805 4219 possint,
827 4154 935 4218 neque
949 4137 1022 4218 jure
1041 4135 1072 4210 id
1092 4136 1203 4215 vetari,
1225 4155 1299 4197 curu
1318 4133 1430 4197 foedus
1449 4140 1541 4197 autea
1560 4134 1598 4197 ab
1618 4133 1763 4198 hostibus
1783 4134 1935 4196 violatum
1956 4133 2017 4196 sit?
2054 4136 2163 4217 Atque

375 4244 563 4308 Schaeferus
596 4249 628 4306 et
658 4242 795 4306 Weilius
832 4241 912 4305 bene
949 4248 1132 4322 senserunt,
1170 4247 1365 4324 quantopere
1402 4241 1460 4304 hac
1497 4260 1626 4323 quoque
1663 4260 1703 4304 ex
1738 4246 1826 4323 parte
1863 4242 1962 4302 oratio
2001 4240 2162 4305 claudicet

376 4351 490 4434 Neque
513 4352 599 4414 enim
623 4349 657 4412 id
676 4348 849 4411 excusandi
869 4368 966 4411 causa
985 4348 1046 4411 dici
1065 4351 1177 4433 potest,
1200 4349 1301 4412 fuisse
1326 4348 1385 4411 hoc
1403 4353 1544 4430 tempore
1555 4348 1691 4410 Athenis
1710 4348 1829 4410 multos
1853 4355 1885 4411 et
1903 4353 2048 4430 potentes
2068 4349 2164 4430 11199,

378 4459 434 4540 qui
457 4478 477 4520 a
500 4456 710 4519 Macedonum
734 4455 879 4537 partibus
902 4461 1035 4536 starent,
1068 4475 1258 4538 semperque
1286 4461 1438 4537 negarent
1465 4454 1576 4517 foedus
1600 4454 1754 4517 violatum
1783 4473 1863 4517 esse.
1911 4451 2000 4528 Quos
2029 4460 2065 4517 ut
2087 4473 2163 4517 con-

375 4565 502 4645 futaret,
524 4570 677 4626 oratorem
702 4561 758 4624 1911
782 4562 875 4625 modo
898 4582 965 4625 rem
990 4568 1149 4626 tractasse.
1186 4561 1268 4625 Nam
1293 4563 1388 4625 etiam
1407 4560 1632 4624 Demosthenis
1656 4567 1687 4624 et
1710 4568 1888 4623 ceterorum
1912 4566 2082 4641 oratorum,
2106 4562 2161 4644 qui

376 4678 447 4734 tum
471 4675 570 4750 erant,
592 4668 798 4752 temporibus,
822 4669 854 4730 hi
873 4667 1027 4733 florebant
1044 4670 1149 4749 amici,
1171 4687 1277 4751 neque
1300 4669 1367 4731 ulla'
1384 4670 1484 4732 oratio
1508 4672 1620 4745 exstat,
1643 4668 1677 4728 iu
1702 4686 1766 4749 qua
1784 4667 1812 4729 ei
1832 4686 1895 4728 non
1916 4666 2161 4749 impugnentur;

376 4780 410 4840 in
434 4777 523 4840 nulla
545 4781 652 4839 autem
676 4781 781 4838 orator
799 4776 832 4837 in
856 4776 907 4838 his
929 4775 1129 4858 increpandis
1161 4776 1206 4838 ita
1237 4776 1443 4858 inhaerescit,
1477 4784 1512 4838 ut
1544 4781 1732 4856 argumenta
1765 4780 1828 4835 tarn
1857 4771 1984 4834 infirma
2012 4773 2163 4854 9111119111,

375 4883 481 4964 firma,
505 4902 587 4966 quae
609 4891 734 4966 praesto
758 4888 862 4963 erant,
889 4882 1072 4966 neglexerit.
1119 4881 1269 4945 Vidimus
1294 4882 1381 4945 huuc
1403 4889 1558 4945 oratorem
1584 4880 1695 4960 utile,
1723 4879 1808 4962 quod
1832 4878 2019 4941 Aristoteles
2041 4879 2077 4940 iu
2104 4886 2160 4941 art.

375 4990 453 5054 rhet
472 4989 498 5070 I,
522 4991 572 5068 31)
596 4990 760 5072 proprium
780 4990 939 5052 suasoriae
963 5008 1033 5052 esse
1052 4989 1132 5068 vult,
1154 4989 1219 5050 vix
1239 4989 1433 5069 attigisse,
1451 4989 1599 5069 justum
1620 5006 1693 5050 uon
1718 4987 2016 5065 demonstrasse,
2038 4986 2162 5067 possi-

376 5135 528 5143 ——0—--
532 5135 617 5140 ——-—
627 5134 695 5140 .—

485 5220 510 5287 1)
531 5222 572 5285 Τῷ
587 5220 634 5279 μέν
652 5217 859 5282 συμβουλεύοντι
878 5217 909 5267 τὸ
929 5218 1059 5286 ouyrcdpor
1078 5217 1122 5266 καὶ
1141 5216 1271 5286 βλαβερὸν
1289 5218 1364 5274 τέλος
1383 5214 1462 5267 ἐστίν.
1485 5215 1492 5220 ’

1912 5302 1947 5355 ,-
