5084 5984
1173 469 1196 473 -
1256 428 1277 497 5
1333 467 1490 475 ,.-,,,.

1011 635 1050 707 D.
1103 633 1286 726 ’nninyog
1315 637 1521 732 (peroratio).

486 789 515 865 l)
539 810 572 854 se
596 800 626 854 et
651 798 751 855 aetate
775 799 805 855 et
830 812 892 854 usn
917 793 1045 856 doctum
1069 794 1191 875 aliquid
1215 814 1271 876 pro
1295 799 1380 857 certo
1404 794 1599 877 prolaturum
1621 811 1702 871 esse,
1726 791 1810 874 quod
1835 798 1866 854 et
1885 792 2010 872 justum
2030 799 2062 855 et
2080 793 2158 856 utile

377 897 418 957 sit
441 898 471 976 (ξ
496 898 581 976 30a).
2196 880 2200 888 .

485 1004 515 1081 2)
539 1022 609 1066 esse
632 1005 717 1067 enim
737 1004 855 1068 foederi
875 1005 1083 1087 adscrIptum:
1109 1008 1155 1086 „si
1180 1009 1253 1089 quis
1272 1006 1369 1070 vellet
1391 1006 1527 1069 foederis
1546 1006 1703 1089 particeps
1726 1005 1826 1083 osse“,
1847 1005 1927 1087 ipsis
1945 1006 2045 1088 igitur
2063 1006 2158 1069 licere

377 1109 460 1171 nolle
483 1112 513 1189 (ξ
539 1109 627 1179 305).

485 1218 515 1294 3)
538 1217 717 1299 itaquese,
745 1219 773 1280 si
792 1217 940 1298 jubeant,
968 1228 1152 1300 rogaturum
1182 1238 1267 1298 osse,
1294 1238 1369 1282 cum
1399 1220 1474 1299 illis,
1503 1220 1558 1302 qui
1587 1218 1699 1282 foedus
1723 1216 1926 1295 violaverint,
1953 1237 1995 1281 ex
2021 1218 2158 1281 foederis

378 1321 480 1384 verbis
508 1322 627 1386 bellum
654 1325 831 1406 gerendum
860 1344 930 1387 esse
953 1325 983 1405 (ξ
1009 1327 1091 1401 3οο).

483 1428 644 1492 Peroratio
663 1449 768 1512 neque
786 1449 828 1492 ex
847 1431 1079 1494 consuetudine
1102 1429 1328 1495 Demosthenis
1347 1432 1399 1494 vel
1418 1431 1485 1494 loco
1505 1431 1669 1494 communi
1688 1429 1739 1493 vel
1759 1430 1842 1493 votis
1860 1450 1916 1513 pro
1936 1432 2036 1513 patn'a
2060 1431 2159 1513 factis,

377 1536 502 1617 quaein
513 1536 596 1600 hanc
610 1538 785 1599 orationem
801 1535 881 1599 beno
892 1537 1094 1618 quadrarent,
1108 1537 1297 1620 amplificata
1311 1544 1368 1618 est,
1378 1557 1483 1620 neque
1494 1536 1589 1600 verba
1600 1536 1757 1618 quaedam
1771 1535 1916 1618 graviora
1930 1537 1963 1598 iu
1977 1537 2041 1600 fine
2056 1541 2160 1621 posita

377 1648 462 1721 sunt,
480 1648 518 1704 ut
536 1644 570 1705 in
589 1645 731 1705 oratione
745 1641 775 1702 V
790 1651 821 1705 et
836 1641 927 1723 XIV,
941 1643 996 1705 sed
1016 1645 1121 1720 anxie,
1138 1654 1176 1706 nt
1194 1663 1251 1726 per
1270 1650 1367 1706 totam
1387 1646 1571 1723 orationem,
1590 1650 1694 1706 orator
1712 1644 1746 1705 in
1766 1642 1871 1705 verbis
1889 1642 2023 1706 foederis
2043 1645 2158 1709 haeret.

482 1746 698 1830 Dispositione
721 1749 764 1811 ita
788 1751 941 1831 exposita,
965 1749 1014 1827 (de
1039 1757 1191 1832 quattuor
1214 1752 1340 1833 magnis
1363 1750 1595 1833 epichirematis
1619 1749 1713 1831 paulo
1731 1757 1803 1831 post
1822 1750 2001 1812 accuratius
2025 1750 2159 1814 diSsere·

378 1858 460 1934 mus)
485 1853 604 1932 dubito,
627 1874 705 1916 num
730 1855 804 1937 quis
829 1856 1004 1919 orationem
1029 1875 1154 1939 semper
1177 1858 1287 1920 eodem
1311 1857 1406 1919 modo
1430 1858 1596 1918 formatam
1620 1854 1826 1918 Demostheni
1850 1855 2014 1935 attribuat,
2038 1859 2108 1939 qui,
2132 1861 2158 1921 si

377 1961 451 2042 quis
475 1960 557 2022 alius
575 1960 770 2043 abhorrebat,
793 1961 831 2024 ab
851 1961 1066 2044 dispositionis
1090 1963 1309 2041 simihtudine,
1333 1983 1428 2046 qnam
1449 1962 1542 2026 hodie
1567 1945 1863 2042 „schematisnmm“
1889 1969 2004 2024 vocant
2014 1966 2043 2042 ¹).
2089 1964 2160 2028 Hac

377 2078 482 2129 autem
508 2067 649 2130 oratione
672 2068 704 2147 ii,
728 2069 784 2150 qui
808 2068 952 2148 andiunt,
975 2079 1103 2152 proptor
1126 2090 1286 2134 summam
1311 2071 1528 2153 dispositionis
1552 2068 1795 2131 similitudinem
1819 2069 1920 2151 magis
1940 2068 2159 2152 defatigantur,

377 2193 474 2254 quam
498 2173 536 2234 ad
561 2173 797 2237 decernendum
821 2176 915 2238 etad
939 2175 1098 2258 agendum
1122 2177 1341 2260 impelluntur.

483 2278 555 2341 Non
579 2281 669 2344 aliter
687 2281 917 2362 judicabimus,
940 2283 968 2344 si
987 2283 1054 2364 jam

983 2407 1024 2469 ΙΙ.
1070 2406 1337 2470 Elocutionem
1363 2408 1551 2470 oratIonis

376 2529 681 2610 examinaverimus„
709 2550 788 2592 num
817 2531 858 2593 sit
884 2530 1100 2594 Demosthene
1128 2531 1231 2613 digna
1284 2531 1491 2614 Theophrasti
1515 2532 1547 2593 in
1571 2529 1652 2593 libro
1686 2527 1754 2609 περὶ
1776 2531 1877 2601 λέξεως
1906 2530 2159 2613 descriptionem,

377 2654 474 2716 quarn
508 2655 550 2697 ex
577 2634 725 2716 Dionysii
758 2636 797 2700 de
824 2636 920 2700 Isocr.
946 2638 1068 2717 judicio
1097 2657 1122 2703 c.
1146 2637 1196 2701 III
1219 2659 1288 2721 pag.
1314 2639 1377 2700 539
1406 2640 1458 2717 (ex
1485 2637 1606 2700 Reiskii
1629 2636 1688 2716 ed.)
1717 2636 1907 2718 promimus:
1942 2636 2096 2705 ,καθόλοι
2129 2637 2159 2698 δὲ

376 2745 463 2819 τριῶν
485 2739 590 2811 ὄντων,
613 2742 651 2808 ὡς
673 2745 754 2818 φησί
777 2742 985 2824 Θεόφραστος,
1009 2745 1040 2816 ἐξ
1061 2737 1100 2803 ὧν
1122 2747 1257 2823 γίγνεται
1281 2743 1315 2804 τὸ
1337 2748 1417 2825 μέγα
1441 2743 1497 2804 καὶ
1521 2741 1636 2823 σεμνὸν
1657 2741 1713 2800 καὶ
1737 2739 1879 2821 περιστὸν
1902 2748 1934 2802 ἐν
1955 2745 2030 2814 Issico
2054 2747 2106 2818 τῆς
2131 2766 2159 2804 τε

376 2850 500 2925 ἐκλογῆς
528 2851 584 2908 τῶν
612 2848 776 2928 ὀνομάτων
802 2849 857 2909 καὶ
886 2855 939 2924 τῆς
966 2856 1000 2910 ἐκ
1028 2850 1143 2910 τούτοιν
1175 2851 1329 2930 ἁρμονίας
1360 2849 1415 2910 καὶ
1449 2853 1505 2910 τῶν
1537 2848 1830 2930 περιλαμβανόντων
1856 2848 1939 2908 οιιίτά
1969 2850 2158 2930 σχημάτων(

378 2954 575 3035 sequimur2)
599 2964 695 3038 atque
719 2957 859 3039 primum

484 3061 526 3142 A)
549 3059 602 3124 De
626 3061 778 3126 delectu
803 3071 839 3126 et
862 3069 1059 3125 structura
1081 3063 1284 3127 verborum
1310 3064 1519 3146 disputamus

484 3165 527 3229 Ut
550 3168 693 3231 ordinem
718 3169 879 3250 quendam
904 3187 1083 3249 servemus,
1110 3171 1251 3251 primunr
1275 3189 1369 3232 voees
1399 3170 1432 3231 in
1456 3169 1600 3232 medIum
1623 3168 1835 3251 proteramus
1864 3186 1946 3250 (qnae
1969 3168 2008 3229 ab
2031 3176 2159 3232 anctore

376 3272 473 3353 hujus
497 3275 647 3336 orationis
671 3275 826 3357 singulari
850 3275 942 3337 modo
965 3275 1017 3338 vel
1040 3275 1190 3338 formatae
1214 3275 1265 3339 vel
1287 3281 1459 3358 usurpatae
1483 3279 1567 3337 sunt

482 3379 568 3443 Tella
585 3380 698 3444 verba
722 3387 798 3444 sunt.
817 3382 835 3462 ξ
857 3383 873 3443 7
899 3385 1105 3461 ιυρραννίζειν
1123 3391 1159 3445 et
1182 3383 1201 3463 ξ
1222 3382 1261 3443 11
1284 3380 1510 3462 βδελυρεύοδαι
1534 3400 1616 3463 quae
1634 3381 1702 3462 jam
1725 3381 1895 3444 scholiasta
1917 3381 2119 3463 reprehendit
2127 3382 2159 3460 ³).

376 3485 473 3549 Prius
497 3485 632 3550 verbum
656 3493 686 3546 ot
709 3491 935 3566 τυραννίζοντες
959 3489 1025 3570 (qni
1050 3494 1259 3568 tyrannorum
1283 3488 1378 3552 rebus
1403 3488 1543 3567 student)
1573 3488 1760 3550 auctoritate
1783 3485 2007 3550 Demosthenis
2035 3487 2161 3551 firmare

376 3612 440 3654 non
459 3599 563 3674 potes,
587 3594 691 3656 simile
710 3594 854 3673 verbnm,
873 3594 957 3676 quod
977 3594 1129 3663 iudicavit
1147 3594 1303 3674 Blassius
1327 3594 1366 3657 ab
1385 3614 1422 3658 eo
1441 3595 1612 3657 formatum
1638 3602 1695 3672 est,
1717 3581 1903 3669 φιλιππίζειν
1922 3593 2057 3673 (XVIII,
2077 3593 2161 3673 176),

376 3698 457 3761 addo
481 3698 519 3762 ab
542 3698 704 3763 Herodoto
729 3702 856 3783 saepius
880 3708 1073 3782 usurpatum
1095 3701 1241 3781 μηδίζειν,
1266 3701 1353 3784 qnod
1376 3701 1493 3783 legitur
1515 3701 1549 3762 in
1573 3700 1714 3762 oratione
1739 3720 1877 3782 quoque,
1901 3720 1983 3782 quae
2007 3707 2055 3762 ost
2078 3702 2161 3763 inter

376 3803 643 3869 Demosthenioas
664 3805 751 3888 LIX,
776 3809 817 3870 95
842 3805 936 3886 (κατά
961 3808 1124 3887 Νεαίρας).
1168 3808 1329 3873 Alterum.
1346 3806 1481 3869 verbum
1507 3804 1747 3887 βδελυρεύεοθαι
1775 3809 1838 3886 (oro
1866 3806 2009 3889 improbo
2034 3812 2160 3890 negare)

375 3931 537 3995 nusquam
561 3913 637 3976 alias
660 3915 790 3996 legitur,
817 3915 920 3977 utitur
942 3913 1173 3977 Demosthenes
1182 3915 1205 3992 4)
1235 3913 1388 3995 adjectivo
1413 3911 1590 3994 ,prateae
1621 3918 1652 3975 et
1679 3912 1828 3976 adverbio
1851 3912 1997 3993 atrones
2025 3914 2160 3996 saepius,

375 4020 514 4102 exempli
533 4038 629 4083 causa
646 4019 742 4099 XIX,
764 4021 834 4100 175,
855 4022 928 4101 206,
948 4022 1022 4100 208,
1042 4022 1116 4094 287,
1135 4021 1209 4101 291,
1228 4021 1292 4082 309
1312 4027 1344 4082 et
1361 4018 1457 4097 XXI,
1476 4021 1527 4099 98,
1548 4019 1621 4097 107,
1641 4020 1713 4093 123,
1736 4022 1808 4099 143,
1829 4022 1900 4095 151,
1922 4020 1982 4082 197
2004 4026 2034 4082 ot
2048 4019 2161 4097 XXII,

376 4125 429 4206 66,
451 4132 482 4189 et
505 4125 665 4206 XXXVI,
690 4129 730 4188 58
755 4133 786 4189 et
808 4125 892 4207 LIV,
916 4129 972 4205 223
998 4126 1197 4190 substantivo
1220 4124 1362 4207 βδελυρία
1387 4125 1499 4206 XXII,
1523 4127 1563 4187 52
1587 4127 1677 4208 epist.
1702 4125 1761 4205 III,
1786 4128 1826 4188 18
1851 4127 1968 4205 (1478).

481 4232 604 4297 Similia
627 4233 883 4313 substantiva,
908 4253 990 4316 quae
1012 4233 1130 4296 frustra
1152 4234 1237 4316 apud
1260 4230 1506 4296 Demosthenem
1532 4233 1667 4314 quaeris,
1691 4238 1781 4295 sunt:

482 4340 501 4418 ἕ
527 4339 543 4399 7
569 4338 738 4418 δυσχέρεια,
763 4339 1010 4422 substantivum,
1034 4341 1121 4422 quod
1145 4340 1230 4423 apud
1252 4338 1424 4401 Isocratem
1448 4338 1487 4418 V,
1510 4339 1549 4399 12
1574 4337 1700 4417 (ταύτας
1725 4337 1778 4404 τὰς
1806 4338 1982 4417 δυσχερείας
2007 4336 2160 4417 ὑπεριδών)

375 4463 468 4527 saepe
497 4446 581 4527 apud
610 4445 775 4508 Platonem
803 4452 835 4509 ct
861 4451 969 4528 po'dtas
997 4448 1145 4529 tragicos
1179 4447 1273 4508 etiam
1301 4445 1387 4527 apud
1416 4443 1588 4523 Polybium
1617 4451 1648 4507 et
1676 4444 1884 4507 Plutarchum
1912 4444 2043 4525 legitur,
2075 4445 2160 4527 apud

374 4549 625 4616 Demosthenem
653 4559 778 4615 tanturn
807 4552 998 4633 adJectIvum
1022 4551 1115 4632 XIX,
1140 4554 1213 4633 308,
1239 4550 1306 4631 LV,
1332 4553 1359 4631 5,
1387 4549 1488 4629 LVII,
1514 4552 1564 4628 15,
1591 4569 1730 4633 prooem.
1755 4550 1921 4613 XXXVII
1949 4550 2072 4630 (1446),
2107 4550 2160 4612 ad·

375 4656 522 4721 verbium
547 4658 647 4738 LVII,
671 4661 726 4737 353
752 4659 886 4722 verbum
911 4658 1121 4739 δυσχεραίνειν
1143 4657 1269 4738 XVIII,
1292 4660 1344 4739 43,
1368 4656 1461 4738 XXI,
1484 4657 1536 4736 86,
1558 4655 1625 4736 LV,
1652 4657 1688 4718 lI
1714 4657 1874 4739 leguntur.

589 4785 694 4792 --—-—

483 4853 509 4922 l)
528 4853 560 4905 do
580 4853 630 4905 hac
649 4868 678 4904 ro
697 4853 729 4903 cl.
749 4851 886 4905 Blassium
906 4852 924 4905 l.
944 4869 966 4905 o.
986 4852 1036 4917 111,
1057 4853 1069 4903 l
1091 4867 1150 4918 pag.
1172 4850 1230 4905 190.

482 4941 509 5010 2)
528 4942 560 4994 ct.
573 4957 679 5008 quoquc
689 4940 850 4994 Volkmann.
879 4941 896 4995 l.
908 4958 967 5009 cp.
979 4941 1030 4993 332
1049 4945 1076 4993 ε1
1095 4956 1198 5007 proxx,
1219 4940 1266 5008 qui
1286 4941 1394 4993 easdem
1413 4939 1574 4992 elocutionis
1593 4941 1684 5007 partes
1703 4939 1806 5003 statuit,
1827 4938 1873 4989 sed
1893 4938 2012 4989 ordinent
2033 4938 2158 4990 mutavit.

483 5030 509 5095 3)
528 5031 676 5090 μέμφονται
696 5031 741 5078 καὶ
759 5032 793 5096 τῇ
812 5030 877 5085 λέξει
896 5030 1016 5089 δικαίαις,
1036 5028 1067 5079 τὸ
1090 5027 1141 5098 γὰρ
1160 5028 1319 5079 νεόπλουτοι
1339 5030 1383 5078 καὶ
1402 5027 1603 5095 τυραννίζοντες
1623 5028 1667 5076 καὶ
1686 5025 1890 5094 βδελυρεύσεταί
1909 5044 1950 5081 τις
1970 5026 2013 5073 καὶ
2034 5024 2083 5073 ὅσοι
2102 5043 2160 5075 τοι-

374 5122 447 5170 αῦτα
466 5138 498 5169 on
518 5119 625 5185 συνήθη
644 5120 822 5185 Δημοσθένει.

481 5210 509 5275 4)
527 5212 626 5262 annoto
646 5209 673 5260 In
692 5208 851 5260 universum
870 5211 976 5261 tantum
995 5207 1081 5274 locos,
1106 5208 1153 5275 qni
1176 5209 1241 5260 sunt
1263 5207 1291 5259 in
1316 5205 1483 5260 orationibus
1503 5222 1566 5258 vero
1584 5203 1815 5262 Domostlvonicis,
1839 5219 1891 5254 non
1918 5202 1943 5253 in
1965 5201 2158 5268 suppositione.
