5084 5984
1385 427 1410 496 4
1465 458 1624 466 ,-

614 634 644 710 3)
661 653 701 695 11
713 633 878 695 commuui
894 640 985 715 pacto
995 652 1046 696 res
1056 633 1208 716 publicae,
1223 654 1305 717 quae
1320 634 1394 697 talia
1407 634 1531 709 iaciant,
1545 634 1681 697 foederis
1696 641 1842 716 expertes
1857 653 1927 697 csse
1942 635 2020 712 (171
2034 635 2298 716 argumentatio).

612 741 645 822 4)
670 740 697 802 si
720 758 833 802 verum
859 740 1029 803 dicendum
1053 742 1110 821 sit,
1133 741 1164 803 id
1188 742 1298 804 cadere
1321 742 1355 804 in
1378 740 1614 814 Macedonicas,
1643 739 1810 803 oboediant
1833 742 1930 823 igitus
1954 743 2011 821 111,
2040 743 2095 824 qui
2125 742 2301 820 suadeant,

508 850 542 907 ut
570 845 656 926 pacis
684 844 770 927 leges
798 845 980 926 observent,
1011 854 1108 929 atque
1136 846 1326 910 Macedones
1358 855 1504 931 expertes
1532 847 1666 910 foederis
1695 848 1877 909 communis
1903 847 2043 909 reddant.
2095 847 2175 910 Esse
2204 849 2299 910 enim

506 951 673 1031 injustum,
696 950 782 1034 leges
805 951 952 1031 loedoria,
977 973 1058 1035 quae
1081 973 1138 1036 pro
1161 953 1308 1016 hostibus
1331 956 1449 1037 patriae
1473 955 1548 1033 sint,
1569 953 1704 1033 firmare,
1728 972 1810 1035 quae
1828 973 1883 1035 pro
1902 955 2001 1036 patria
2022 956 2095 1035 sint,
2119 954 2298 1016 infirmare.

505 1059 535 1135 (ξ
563 1056 600 1117 11
626 1063 658 1119 et
683 1058 723 1118 18
747 1057 894 1120 refutatio
917 1064 949 1122 et
971 1061 1080 1142 petitio
1104 1060 1378 1138 adversariorum).

613 1162 702 1226 Haec
726 1183 855 1246 quoque
879 1173 991 1248 quarta
1014 1168 1157 1230 tractatio
1181 1166 1344 1229 simillima
1367 1171 1416 1229 est
1439 1185 1563 1242 earum,
1587 1184 1669 1248 quae
1692 1166 1902 1248 praecedunt,
1924 1167 1986 1228 nisi
2011 1167 2098 1248 quod
2122 1166 2174 1229 hic
2197 1187 2300 1250 argu·

507 1270 657 1330 mannitio
681 1269 902 1335 refutationem
927 1273 1091 1336 antecedit.
1136 1271 1301 1335 Notandae
1329 1273 1424 1335 etiam
1454 1277 1532 1334 sunt
1559 1273 1762 1335 transitiones
1778 1258 1920 1354 'frigidae
1949 1279 1980 1334 ct
2007 1273 2105 1336 durae
2133 1278 2165 1336 ct
2193 1274 2301 1355 partis

506 1374 691 1455 1111111111·
718 1377 769 1455 10)
793 1385 824 1441 11
847 1381 955 1441 tertiae
979 1381 1009 1459 (ᾗ
1035 1380 1087 1459 15)
1112 1386 1143 1442 11
1166 1384 1297 1461 qrrartae
1320 1380 1350 1459 (ξ
1377 1378 1430 1462 16)
1455 1385 1487 1441 11
1509 1378 1604 1460 paulo
1627 1385 1700 1461 post
1723 1386 1831 1442 sextae
1855 1379 1885 1459 (ᾖ
1911 1379 1978 1459 26),
2006 1399 2086 1461 11111
2109 1381 2176 1460 jam
2201 1381 2300 1442 scho-

507 1480 596 1544 liasta
620 1482 821 1563 reprehendit
833 1487 861 1563 ¹).
1758 1567 1760 1571 ¹

613 1587 704 1667 (1.1)
729 1587 848 1663 Quinta
869 1598 957 1675 parte
981 1594 1010 1672 (ξ
1032 1593 1172 1671 19-21)
1193 1597 1297 1654 orator
1316 1591 1414 1671 affert,
1436 1590 1627 1654 Macedones
1646 1597 1756 1654 contra
1778 1591 1864 1674 leges
1887 1591 2023 1655 foederis
2046 1593 2183 1674 navigia,
2208 1613 2300 1675 quae

505 1694 704 1757 frumentum
728 1695 871 1759 Athenas
894 1697 1165 1780 transportabant,
1186 1697 1304 1760 Tenedi
1327 1698 1499 1760 retinuisse
1523 1703 1619 1779 atque
1643 1705 1712 1759 tum
1737 1697 1866 1760 demum
1891 1698 2063 1780 dimisisse,
2092 1719 2166 1761 cum
2191 1700 2300 1762 Athe-

507 1801 635 1863 aienses
658 1800 759 1863 classo
782 1810 962 1886 comparata
985 1810 1017 1867 et
1040 1803 1122 1866 duce
1145 1812 1249 1867 creato
1272 1803 1392 1867 belluni
1416 1804 1567 1867 indictuni
1590 1809 1703 1869 essent.

616 1907 644 1985 1)
669 1907 789 1970 nullam
813 1928 880 1972 rem
909 1908 1068 1992 publicam
1094 1909 1245 1973 Graecam
1273 1911 1359 1993 ipsos
1387 1911 1604 1991 incusaturaS,
1632 1911 1687 1973 sed
1715 1929 1826 1973 onrnes
1852 1912 1970 1993 gratias
1998 1920 2124 1974 acturas
2151 1932 2236 1990 esse,
2268 1913 2299 1976 si

507 2012 736 2093 demonstrent,
755 2013 944 2079 Macedones
961 2016 1074 2080 foedus
1094 2018 1242 2095 violasse,
1260 2017 1365 2080 inesse
1384 2018 1522 2079 enimin
1541 2016 1666 2079 foedere
1685 2018 1838 2093 (transitio
1857 2018 1953 2099 paulo
1973 2018 2145 2096 elegantior
2163 2020 2182 2098 ξ
2205 2019 2297 2098 191).

615 2121 645 2197 2)
669 2118 857 2184 Macedones
881 2130 945 2185 tam
969 2124 1106 2187 audaces
1126 2125 1192 2205 jam
1217 2143 1250 2186 se
1273 2142 1391 2207 gerere,
1414 2132 1451 2186 ut
1469 2130 1580 2186 contra
1597 2123 1733 2186 laederis
1753 2122 1865 2204 lege-m,
1889 2143 1929 2186 ne
1949 2143 2063 2187 narem
2084 2125 2182 2187 ullam
2204 2126 2299 2207 quis·

508 2246 605 2307 quam
632 2226 824 2310 intercipiat,
857 2230 1104 2293 Atheniensium
1134 2231 1259 2312 navigia
1285 2229 1450 2293 Tenedum
1482 2229 1688 2309 deduxerint,
1720 2248 1826 2311 neque
1859 2231 1948 2312 prius
1981 2232 2160 2310 emiserint,
2193 2251 2297 2313 quam

507 2333 721 2395 Athenienses
745 2335 880 2397 classem
903 2337 1116 2399 instruxerint
1138 2338 1233 2418 eique
1257 2335 1480 2399 Menestheum
1503 2336 1743 2418 praeposuerint
1766 2335 2000 2415 (aaradrrlyaca
2024 2338 2042 2418 ,ξ
2068 2338 2129 2413 20).

615 2442 647 2512 3)
671 2459 778 2503 nonne
805 2441 968 2504 dementes
998 2442 1067 2505 illos
1096 2462 1180 2522 essc,
1208 2444 1265 2525 qui
1288 2450 1433 2525 poscant,
1459 2446 1495 2503 ut
1517 2441 1731 2504 Athenienses
1761 2444 1794 2504 in
1821 2445 1922 2525 pactis
1950 2445 1994 2505 ita
2022 2465 2040 2506 1
2062 2442 2297 2505 Macedonibus

507 2546 633 2608 violatis
658 2554 820 2626 maneant,
844 2550 937 2630 quasi
961 2549 1040 2612 illud
1064 2551 1097 2612 in
1121 2549 1248 2612 foedere
1272 2549 1426 2630 scriptum
1450 2549 1505 2628 sit,
1528 2546 1771 2629 MacedonibuS,
1796 2568 2008 2632 quaecunque
2032 2549 2165 2629 vellent,
2186 2550 2297 2613 facere

508 2653 610 2731 licere,
634 2653 886 2717 Atheniensibus
910 2674 950 2718 ne
974 2675 1008 2718 se
1032 2655 1200 2718 defendero
1223 2654 1375 2736 qrridem‘?
1399 2653 1558 2733 (refutatio
1582 2654 1600 2734 ξ
1625 2655 1686 2733 21).

614 2761 647 2831 4)
676 2769 804 2842 propter
831 2762 911 2824 illud
939 2762 1057 2824 factum
1087 2761 1268 2824 secundum
1295 2761 1431 2823 foederis
1459 2760 1545 2843 leges
1574 2780 1608 2823 se
1636 2767 1705 2823 tum
1734 2759 1924 2823 Macedones
1952 2763 2048 2824 maris
2077 2762 2297 2826 dominatione

507 2867 633 2947 privare
652 2867 805 2948 potuisse,
828 2867 859 2929 id
875 2868 964 2950 quod
985 2869 1079 2930 etiam
1098 2868 1153 2929 illo
1172 2873 1312 2949 tempore
1330 2867 1409 2950 ipsis
1428 2866 1530 2929 licere.
1577 2866 1648 2946 Sed,
1672 2868 1845 2948 quominus
1866 2868 1926 2929 hoc
1943 2867 2069 2947 faciant,
2093 2887 2126 2930 sc
2145 2869 2297 2950 impediri

508 2994 525 3034 a
548 2970 759 3036 Macedonum
789 2973 995 3053 satellitibuS,
1023 2975 1079 3056 qui
1106 2993 1158 3036 res
1185 2975 1304 3057 patriae
1332 2975 1493 3052 minuant,
1521 2973 1683 3055 simulque
1707 2973 1930 3051 confiteantur,
1959 2975 2120 3036 civitatem
2144 2976 2170 3036 si
2195 2978 2297 3037 tantis

507 3086 590 3142 terra
614 3081 756 3162 marique
780 3079 894 3162 opibus
917 3086 1039 3160 11111111,
1066 3079 1157 3143 facile
1180 3099 1293 3143 omnes
1314 3080 1422 3143 hostes
1451 3079 1635 3162 proprdsare
1662 3099 1763 3162 posse.
1794 3082 1825 3160 (ξ
1850 3081 1980 3142 22-25
2004 3082 2237 3161 argumentatio
2263 3090 2297 3144 et

507 3187 616 3267 petitio
641 3186 915 3264 adversariorum).

525 3339 528 3346 .
617 3290 723 3367 Quid?
749 3293 854 3355 denuo
879 3312 986 3355 noune
1008 3292 1073 3355 fere
1096 3292 1207 3355 eodem
1231 3293 1326 3355 modo
1341 3300 1454 3371 orator
1476 3292 1669 3374 disputavit?

615 3397 647 3460 O.
673 3397 729 3477 Vl)
753 3397 852 3462 Sexta
874 3404 963 3481 parte
987 3400 1018 3477 (ᾖ
1039 3399 1181 3477 26-30)
1205 3397 1829 3473 1111111111111111111111111111111111,
1853 3399 1939 3480 qnod
1958 3405 2069 3461 contra
2086 3399 2197 3462 foedus
2218 3403 2296 3463 nari

508 3502 603 3586 longa
627 3504 661 3565 in
684 3503 833 3568 Piraeum
858 3506 967 3567 invehi
992 3506 1096 3568 conati
1120 3512 1204 3568 snut.
1641 3529 1647 3541 ·

618 3611 646 3690 1)
670 3609 717 3673 Ea
740 3629 811 3674 esse
833 3612 981 3691 facinora,
1005 3611 1123 3694 quibus
1141 3611 1253 3674 foedus
1271 3611 1425 3674 violatum
1446 3613 1495 3691 sit,
1517 3612 1745 3695 gravissimum
1764 3616 1872 3673 autem
1891 3617 1923 3674 et
1941 3612 2190 3674 audacissimum
2210 3612 2296 3675 illud

509 3736 579 3780 esse
604 3717 690 3799 quod
713 3718 869 3793 (transitio
893 3718 912 3799 ξ
937 3718 1023 3797 aaa).

616 3828 646 3904 2)
666 3832 775 3888 1111111
793 3825 907 3888 foedus
926 3824 1116 3887 Macedones
1136 3825 1168 3886 in
1188 3830 1314 3907 portum
1329 3822 1478 3886 Piraeum
1498 3825 1641 3887 invectos
1660 3830 1691 3887 et
1709 3830 1857 3906 expertos
1877 3843 1955 3903 esse,
1974 3844 2054 3886 num
2074 3824 2295 3908 compluribus
2319 3834 2328 3844 '

508 3932 644 3996 navibus
672 3932 705 3994 id
733 3932 840 3994 conari
869 3939 1007 4013 possent.
1058 3930 1140 3993 Nam
1170 3928 1361 4012 praetectum
1391 3931 1497 4009 navis,
1525 3931 1581 4011 qui
1609 3931 1742 4011 diceret,
1769 3950 1804 3992 se
1827 3936 1946 4013 petere,
1975 3939 2011 3992 ut
2038 3950 2135 4012 parva
2165 3933 2295 4013 navigia

509 4038 673 4103 aedificare
705 4037 766 4100 sibi
798 4036 918 4117 liceret,
950 4039 983 4099 in
1018 4038 1124 4099 animo
1156 4035 1321 4116 babuisse,
1352 4044 1478 4118 portum
1508 4056 1676 4119 occupare,
1707 4037 1818 4119 ibique
1850 4056 1948 4098 nares
1981 4036 2094 4119 longas
2128 4037 2296 4100 aedificare

509 4144 746 4225 (καταδιήγησις
770 4144 788 4225 ἓ
814 4143 881 4205 261)
905 4149 937 4207 et
960 4144 1021 4223 27).

618 4254 648 4331 3)
672 4270 802 4313 causam
829 4250 916 4313 illam
945 4271 963 4313 1
991 4252 1083 4313 navis
1112 4250 1193 4312 duce
1222 4249 1362 4328 afletam,
1390 4249 1477 4330 quod
1504 4249 1649 4312 Athenae
1676 4249 1839 4312 abundent
1867 4248 2048 4325 navalibus,
2079 4249 2184 4311 fictam
2214 4270 2294 4312 esse,

509 4358 613 4421 lmmo
638 4378 714 4421 vero
737 4357 831 4419 illum
856 4377 919 4419 non
945 4356 1048 4419 solum
1073 4357 1208 4419 Athenis
1232 4375 1329 4418 nares
1353 4364 1552 4430 construere,
1580 4355 1754 4418 sedetiam
1780 4355 1934 4418 militibus
1959 4355 2117 4437 complere
2141 4355 2292 4419 voluisse.

509 4465 572 4529 Sed
596 4486 613 4526 1
637 4462 876 4541 Macedonibus
899 4463 1074 4545 praeceptis
1097 4462 1295 4544 proditorum
1319 4461 1461 4532 eruditis
1485 4463 1572 4524 cives
1591 4462 1655 4543 jam
1681 4463 1725 4525 ita
1747 4464 1919 4542 contemni,
1943 4468 1978 4523 ut
2001 4463 2087 4544 ipsos
2112 4482 2152 4524 111
2177 4464 2294 4525 sentire

510 4571 641 4653 quidem
665 4576 792 4653 putent,
820 4571 980 4651 quomodo
1004 4576 1162 4650 tyrannus
1185 4567 1322 4631 foederis
1345 4567 1468 4651 legibus
1494 4576 1609 4631 utatur.
1656 4567 1825 4648 (Refutatio
1850 4576 1880 4631 ct
1903 4568 2012 4650 petitio
2036 4569 2291 4632 adversariorum

510 4678 528 4757 ξ
554 4677 737 4754 281129).

617 4785 651 4863 4)
675 4784 708 4845 111
732 4784 833 4866 pactis
856 4784 953 4866 igitur
976 4788 1125 4846 maneant
1149 4783 1390 4865 (argumentatio
1416 4790 1450 4844 ut
1474 4801 1572 4864 supra
1595 4801 1636 4844 11
1659 4781 1891 4864 pugnantibus,
1919 4802 2002 4863 quac
2030 4792 2095 4844 arte
2120 4783 2290 4861 conjuncta

509 4897 558 4955 est
581 4910 656 4953 cunr
680 4890 805 4973 epilogo
830 4890 849 4970 ς
874 4890 961 4968 301).

618 5138 644 5204 l)
663 5136 738 5190 Dicit
756 5135 887 5199 ἐπάγουσι
906 5136 933 5185 ‹h'
952 5135 1103 5202 ἐγκλήματα
1122 5135 1238 5202 τῷλόγῳ
1258 5138 1425 5207 11111111μὲ11
1443 5135 1474 5186 αἶ
1492 5135 1632 5199 εἰςαγωγαὶ
1651 5140 1701 5187 τῶν
1720 5136 1868 5194 nepotatur
1892 5135 1987 5188 11111111
2012 5136 2055 5184 καὶ
2075 5135 2216 5203 incopriat,
2236 5127 2293 5184 οἷαι

509 5227 554 5277 καὶ
573 5224 604 5297 111
622 5222 692 5295 παρ’
706 5224 841 5295 Ἡροδότῳ
861 5227 971 5275 ἔννοιαι.
