5084 5984
1346 443 1504 450 ,-.-.
1559 408 1610 481 38
1666 444 1824 451 .--.--

693 628 789 703 atqua
822 621 855 682 in
890 619 1016 683 duabus
1048 626 1158 682 contra
1189 620 1440 702 Aristogitonem
1474 618 1684 694 orationibus;
1722 639 1869 701 compara
1899 618 1986 681 locos
2019 617 2129 681 decem
2161 623 2193 680 et
2226 623 2372 701 septem,
2409 637 2487 700 qnos

693 726 883 791 Sohaeierus
907 726 1009 805 111,.2
1032 746 1100 809 pag.
1125 727 1186 788 122
1210 746 1281 788 ann.
1308 726 1326 786 2
1351 732 1481 788 annotat
1504 745 1577 788 omn
1602 726 1660 806 his,
1684 745 1766 808 quae
1790 731 1979 807 sequnntur.

698 849 701 855 ·
799 832 828 917 Ι)
853 835 870 913 ξ
897 833 915 895 9
940 831 1045 902 ,,νυνί
1067 832 1102 891 δὲ
1127 831 1175 892 ὅτ’
1201 839 1252 900 εἰς
1276 831 1390 892 ταύτὸν
1413 830 1447 891 τὸ
1470 832 1591 891 δίκαιον
1615 830 1684 912 ἅμα
1708 831 1771 890 καὶ
1801 831 1818 890 ὁ
1842 828 1972 910 καιρὸς
1995 828 2050 889 καί
2078 827 2112 890 τὸ
2135 835 2301 912 συμφέρον
2325 831 2485 914 συνδεδρά-

690 962 804 1020 μηκεν,
838 938 931 999 ἄλλον
958 938 1022 1018 ἄρα
1050 939 1120 999 τινά
1148 937 1287 1017 χρόνον
1314 941 1534 1016 ἀναμενεῖτε
1564 943 1626 1012 τής
1658 938 1758 1003 ἰδίας
1789 939 2004 1016 ἐλευθερίας
2032 934 2102 1014 ἅμα
2131 935 2186 996 καὶ
2217 941 2270 1010 τῆς
2301 940 2362 998 τών
2388 937 2486 1003 ἄλλων

689 1045 839 1120 Ἑλλήνων
864 1047 1174 1127 άντιλαβέσθαι,“
1198 1045 1235 1107 cf.
1256 1044 1417 1108 Demostll.
1437 1046 1462 1120 I,
1483 1047 1515 1108 9:
1542 1043 1644 1114 ,,νυνι“
1668 1045 1702 1104 δέ
1727 1043 1858 1124 καιρὸς
1882 1041 1948 1116 ήκει
1968 1066 2019 1113 τις,
2043 1041 2076 1109 ὃς
2098 1043 2221 1111 οὐδενός
2243 1052 2332 1106 ἐστιν
2354 1045 2485 1109 ἐλάττων

695 1157 751 1212 τῶν
774 1151 922 1232 πρότερον
945 1155 1089 1212 ἐκείνων“
1114 1158 1145 1215 et
1167 1152 1263 1234 paulo
1285 1159 1357 1234 post
1380 1154 1399 1232 ξ
1424 1155 1479 1215 20:
1506 1151 1582 1224 ,ἕως
1605 1151 1668 1213 ἐστὶ
1692 1149 1800 1231 καιρὸς
1823 1150 2100 1230 ἀντιλαβέσθαι
2128 1155 2193 1210 τῶν
2211 1152 2482 1235 πραγμάτωκ“;

693 1258 773 1322 adde
796 1258 854 1335 III,
882 1259 919 1319 16
946 1261 1014 1318 τίνα
1037 1258 1106 1338 γάρ
1125 1258 1266 1338 χρόνον
1291 1258 1308 1332 ἢ
1333 1261 1414 1318 τίνει
1439 1257 1568 1337 καιρὸν
1593 1263 1645 1318 τοῦ
1669 1257 1820 1337 παρόντος
1842 1258 1949 1337 βελτίων
1972 1257 2150 1335 ζητεῖτε“;

798 1365 842 1446 II)
867 1366 885 1446 ξ
911 1367 951 1426 12
976 1373 1007 1428 et
1032 1367 1072 1427 13
1106 1363 1192 1436 „reio
1219 1363 1279 1445 γάρ
1308 1366 1500 1444 πεπρακόσιν
1522 1362 1650 1430 ἑαυτούς
1672 1371 1713 1431 εἰς
1737 1367 1890 1424 τάναντία
1918 1365 1980 1429 τοῖς
2009 1365 2046 1447 τῇ
2074 1363 2197 1443 πατρίδι
2225 1369 2481 1447 συμφέρουσιν“;

692 1472 730 1535 ef.
755 1472 928 1555 Hegesippi
957 1472 995 1535 de
1018 1472 1133 1536 Halon.
1162 1473 1336 1535 orationem
1360 1461 1493 1553 (VIM
1519 1473 1557 1533 17
1584 1490 1666 1554 quae
1694 1473 1763 1535 sine
1792 1471 1889 1534 dubio
1918 1476 1987 1532 tum
2013 1470 2080 1551 jam
2108 1473 2191 1534 inter
2212 1471 2481 1540 Demosthenioas

692 1580 850 1642 orationes
883 1585 962 1656 erat3
1000 1579 1085 1642 idem
1118 1599 1160 1642 ex
1193 1580 1400 1662 suppositioia
1431 1577 1481 1640 XI
1516 1585 1657 1661 apparet,
1692 1563 1727 1641 in
1760 1599 1823 1661 qua
1859 1578 1977 1656 rhetor,
2015 1596 2089 1639 oum
2125 1585 2253 1660 putaret
2289 1580 2383 1644 illam
2417 1601 2482 1647 esee

693 1685 986 1766 Demosthenioam,
1008 1705 1049 1747 ex
1073 1687 1183 1750 eadem
1207 1686 1303 1750 verba
1325 1693 1469 1769 prompta
1493 1691 1641 1768 usurpat,
1665 1685 1702 1747 of.
1727 1685 1825 1748 Blass.
1852 1684 1911 1762 III,
1937 1685 1966 1764 1,
1990 1684 2065 1763 347,
2086 1683 2244 1748 Schaefer.
2268 1687 2332 1770 111,
2358 1690 2389 1770 2,
2415 1692 2481 1772 108,

692 1791 784 1854 Weii.
809 1791 847 1854 ed
877 1791 961 1854 huno
988 1793 1111 1868 locum3
1140 1794 1218 1856 haee
1245 1794 1364 1874 sunt§
1391 1794 1429 1854 17
1458 1792 1569 1855 verba:
1603 1799 1657 1862 „ot
1684 1795 1741 1852 οὐκ
1770 1791 1975 1869 αἰσχύνονται
2005 1791 2147 1865 Φιλίππῳ
2170 1795 2272 1865 ζῶντες
2296 1794 2355 1854 κατ’
2384 1797 2423 1856 οὐ
2449 1803 2482 1883 τῇ

692 1902 806 1958 ἑαυτῶν
838 1896 962 1978 πατρίδι
993 1897 1047 1957 καὶ
1086 1898 1140 1967 τὰς
1177 1900 1251 1982 παρ’
1287 1903 1404 1959 ἐκείνου
1436 1898 1548 1979 δωρεοὶς
1579 1897 1792 1980 λαμβάνοντες
1823 1901 1942 1957 οἴονται
1978 1895 2083 1958 οἴκαδε
2119 1898 2298 1979 λαμβάνειν
2333 1902 2372 1961 τὰ
2407 1908 2482 1965 οἴκοι

693 2007 897 2082 πολοῦντες“;
930 2010 1119 2087 repetuntur
1146 2006 1244 2070 verbe
1271 2008 1305 2068 in
1333 2006 1693 2089 pseudodemostheniee
1719 2005 1784 2085 XI,
1815 2007 1869 2079 183
1903 2005 2019 2067 similia
2045 2004 2196 2086 leguntur
2218 2005 2354 2085 XVIII,
2384 2009 2428 2072 46
2454 2019 2483 2076 et

692 2110 792 2191 XIX,
818 2112 880 2173 102
909 2117 941 2174 et
965 2111 1037 2173 116.
1084 2111 1191 2195 Pergit
1223 2122 1333 2175 auctor
1360 2114 1394 2175 in
1426 2113 1485 2175 hac
1518 2114 1674 2175 oratione:
1709 2114 1794 2182 „tols
1821 2110 1844 2170 δ
1849 2110 1985 2190 ὀνόμασι
2011 2110 2111 2190 μόνον
2137 2111 2240 2172 αὐτῶν
2267 2114 2483 2196 ἀποχρύμετυι

693 2216 946 2296 παρακρούονται
971 2216 1039 2283 τοὺς
1062 2222 1217 2300 παρέργως
1241 2217 1370 2280 ἐνταυθὶ
1393 2219 1461 2278 ἀλλ’
1486 2220 1544 2279 οὐκ
1567 2221 1760 2291 ἐξεταστικῶς
1788 2217 2045 2290 ἐκκλησιάζοντας
2072 2218 2137 2279 καὶ
2165 2223 2395 2300 νομίζοντας
2423 2223 2484 2299 τήν

693 2326 910 2404 παραυτίκα
939 2325 1101 2402 ἡσυχίαν
1128 2328 1195 2385 ούκ
1223 2325 1356 2387 ἔσεθαι
1384 2327 1462 2385 ποτ’
1493 2328 1622 2385 αἰτίαν
1645 2328 1810 2402 ταραχῆς
1834 2323 2020 2401 ἀτόπυυ“;
2051 2325 2087 2388 cf.
2119 2327 2205 2410 apud
2227 2326 2481 2396 Demosthenem

694 2431 732 2509 V,
756 2435 812 2493 25:
847 2428 937 2504 ,,τήν
960 2429 1033 2490 ἀπὸ
1066 2438 1128 2507 τῆς
1159 2433 1308 2513 εἰρήνης
1338 2434 1499 2511 ἡσυχίαν
1531 2429 1708 2491 πλειόνων
1731 2433 1884 2510 ἀγαθῶν
1911 2433 2041 2490 αἰτίαν
2063 2432 2163 2493 εἶναι
2187 2438 2432 2515 νομίζοντες“
2454 2448 2483 2503 et

692 2536 787 2618 XIX,
816 2538 871 2599 88:
906 2545 953 2607 „el
975 2537 1043 2619 γάρ
1076 2539 1181 2613 ήτοῑς
1205 2538 1307 2606 ἄλλοις
1336 2542 1466 2618 ἀγαθῶν
1489 2541 1594 2598 αἰτία
1621 2535 1805 2597 τοσούτων
1838 2519 2068 2617 πραγμάτων
2099 2539 2153 2600 καί
2187 2545 2362 2623 ταραχῆς
2394 2544 2484 2623 ἡμῖν

692 2646 797 2703 αἰτία
820 2646 985 2723 γέγονε.“Ι

800 2749 861 2828 ΙΙΙ)
886 2752 965 2831 §.18
988 2751 1040 2811 διοὶ
1064 2755 1096 2812 τί
1114 2750 1175 2832 γὰρ
1199 2755 1236 2813 οὐ
1258 2752 1414 2829 φήσουσιν
1441 2745 1526 2812 οὖτοι
1549 2750 1611 2810 δεῖν
1635 2752 1730 2810 ταῦθ’
1756 2748 1851 2816 οὕτως
1873 2749 1968 2830 ἕχειν;
1994 2752 2014 2826 ἢ
2038 2753 2206 2832 ὁμολογίαν
2230 2753 2287 2828 τήν
2315 2759 2378 2836 μέν
2400 2757 2482 2818 κατὰ

694 2863 746 2931 τής
766 2857 878 2923 πόλεως
897 2851 996 2918 οὖσαν
1013 2863 1148 2941 βεβαίαν
1167 2861 1308 2931 ἀξιοῦσιν
1329 2857 1419 2930 εἶναι,
1444 2858 1500 2933 τήν
1522 2857 1552 2919 δέ
1576 2857 1735 2930 σώζουσαν
1757 2861 1794 2918 ού
1818 2856 2083 2946 συχχωρήσουσινς
2108 2851 2173 2938 ἆρά
2197 2881 2229 2940 γε
2252 2859 2341 2922 δοκεῖ
2363 2861 2482 2925 δι’καων

693 2968 793 3025 ταῦτα
815 2967 992 3044 γίγνεσθαι;
1017 2964 1079 3023 κάν
1100 2969 1159 3044 μέν
1184 2990 1209 3025 τι
1229 2958 1249 3050 ᾗ
1268 2963 1343 3045 πρὸς
1366 2970 1423 3025 τῶν
1445 2969 1566 3046 ἐχθρῶν
1583 2964 1667 3025 κατὰ
1687 2970 1739 3039 τῆς
1762 2965 1874 3031 πόλεως
1897 2971 1929 3024 ἐν
1953 2966 2014 3031 τοῖς
2033 2963 2143 3046 ὅρκοις,
2167 2971 2338 3047 τοῦτομὲν
2355 2968 2483 3050 ἰσχυρὸν

633 3088 638 3095 “
692 3071 741 3132 ἀεὶ
766 3071 950 3144 ποιήσουσιν
973 3069 1029 3130 ἐὰν
1052 3070 1086 3130 δέ
1106 3096 1134 3130 τι
1160 3072 1304 3151 ἡμέτερον
1326 3065 1348 3157 a}
1370 3073 1440 3131 κατ’
1466 3074 1589 3132 ἐκείνων
1607 3070 1677 3151 ἅμα
1701 3070 1823 3131 δίκαιον
1845 3071 1899 3130 καὶ
1924 3075 2091 3153 συμιγίρον,
2116 3072 2189 3152 πρὸς
2214 3078 2305 3135 τοῦτο
2329 3074 2362 3136 δὲ
2384 3101 2481 3156 μαχο

691 3182 803 3258 μένους
830 3178 970 3237 οὐδέποτε
995 3176 1187 3238 παύσασθαι
1215 3177 1377 3252 οἰήσονται
1404 3177 1466 3237 δεῖν
1488 3176 1622 3245 ἑαυτούς.
1668 3178 1831 3242 Sententia
1858 3178 1951 3261 plane
1979 3179 2089 3242 eadem
2117 3186 2166 3243 est
2193 3198 2229 3242 ae
2251 3178 2482 3249 Demosthenis

693 3285 767 3365 XV,
792 3287 832 3346 25
861 3283 920 3344 εἰσί
948 3282 1068 3354 δέτινες,
1098 3279 1122 3345 ὦ
1146 3283 1252 3363 ἄνδρες
1276 3285 1457 3357 Ἀθηναῖοι,
1486 3285 1556 3365 παρ’
1589 3286 1661 3365 ὑμῖν
1683 3283 1852 3344 δεινότατοι
1876 3284 1914 3344 τά
1938 3284 2045 3345 δίκαια
2069 3289 2164 3364 λέγειν
2194 3285 2268 3367 ὑπὲρ
2298 3292 2362 3349 τῶν
2384 3288 2481 3350 ἄλλων

693 3390 767 3470 πρὸς
797 3391 891 3470 ὑμᾶς,
920 3388 964 3456 οἷς
993 3393 1216 3472 παραινέσαιμ’
1249 3391 1290 3451 ἄν
1316 3391 1406 3470 ἔγωγε
1435 3396 1582 3451 τοσοῦτον
1606 3391 1719 3471 μόνον,
1750 3391 1823 3472 ὑπὲρ
1852 3391 1938 3471 ὑμῶν
1962 3391 2036 3470 προ,“’
2066 3391 2134 3459 τοὺς
2168 3390 2279 3460 ἄλλους
2313 3399 2417 3469 ζητεῖν
2444 3395 2480 3456 τά

694 3497 801 3557 δίκαια
833 3500 941 3576 λέγειν,
974 3499 1013 3557 ἵν’
1039 3498 1131 3557 αύτοί
1159 3497 1199 3558 τοὶ
1232 3497 1425 3579 προςήκοντα
1458 3501 1571 3577 πρῶτοι
1603 3501 1778 3574 φαίνωνται
1804 3501 1972 3561 ποιοῦντες·
2000 3500 2039 3565 ῶς
2070 3499 2154 3560 ἔστιν
2181 3499 2301 3560 ἄτοπον
2330 3501 2399 3584 περὶ
2429 3508 2481 3563 τῶν

694 3603 822 3665 δίκαίων
847 3605 928 3684 ὑμᾶς
956 3603 1120 3674 διδάσκειν,
1144 3604 1242 3664 αὐτὸν
1268 3607 1305 3664 οὐ
1328 3604 1436 3664 δίκαια
1461 3610 1621 3665 ποιοῦντα·
1645 3606 1682 3664 oo
1704 3605 1765 3686 γάρ
1788 3611 1852 3666 ἐστι
1880 3605 2011 3674 δίκαιον,
2040 3603 2115 3665 ὄντα
2145 3608 2280 3680 πολίτην,
2305 3607 2377 3675 τούς
2400 3610 2478 3669 καθ’

696 3713 781 3792 ὑμῶν
803 3710 918 3790 λόγους,
943 3709 1022 3770 ἀλλὰ
1044 3710 1091 3791 μή
1117 3710 1185 3779 τοὺς
1210 3713 1283 3790 ὑπὲρ
1310 3713 1394 3791 ὑμῶν
1417 3714 1579 3788 ἐσκέφθαι
1620 3711 1778 3796 Deinceps
1802 3715 1835 3775 in
1858 3713 2053 3796 paragrapho
2077 3714 2225 3795 proxima
2247 3711 2482 3780 Demosthenes

695 3817 791 3880 verba
818 3819 923 3903 ponit,
951 3837 1033 3900 quae
1061 3839 1174 3881 rursus
1202 3839 1380 3902 rursusque
1408 3819 1442 3880 in
1471 3819 1538 3896 hae,
1567 3839 1664 3902 quam
1693 3827 1881 3898 tractamus,
1909 3820 2051 3881 oratione
2079 3826 2268 3902 repetuntur
2295 3820 2388 3901 παρὰ
2416 3821 2482 3887 τοὺς

694 3923 803 4005 ὅρκους
826 3922 881 3982 καὶ
905 3923 960 3990 τὰς
975 3924 1146 3998 συνθήκας.
1183 3925 1328 3988 Fortasse
1352 3925 1448 3988 verba
1472 3944 1602 4007 quoque
1621 3927 1802 3989 annotanda
1825 3934 1858 4009 et
1880 3925 2067 3988 eonferenda
2086 3932 2172 4005 sunt,
2195 3946 2278 4009 quae
2295 3928 2394 4011 paulo
2414 3936 2482 4013 post

694 4033 713 4113 ξ
742 4033 781 4094 31
816 4030 959 4111 ejusdem
992 4032 1142 4095 orationis
1174 4033 1325 4115 leguntur
1358 4038 1412 4101 „ol
1440 4033 1623 4092 τάναντία
1653 4035 1689 4117 τή
1713 4031 1797 4091 πόλει
1824 4033 1899 4111 παρ’
1927 4031 2001 4111 ὑμῖν
2028 4031 2173 4112 πράττειν
2200 4040 2481 4116 προῃρημένου*

694 4158 768 4200 oum
797 4138 894 4218 hujus
923 4139 1073 4202 orationis
1098 4141 1116 4220 ξ
1142 4141 1182 4201 15
1207 4138 1426 4218 ,,πεπρακόσιν
1452 4137 1580 4205 ἑαυτούς
1606 4145 1648 4206 εἰς
1676 4139 1858 4199 τάναντία
1889 4139 1949 4204 τοῖς
1977 4141 2015 4222 τή
2043 4138 2166 4218 πατρίδι
2193 4144 2482 4223 συμφέρουσιν.“

696 4243 840 4326 Utroque
864 4245 935 4306 loeo
960 4246 1064 4326 agitur
1087 4246 1126 4307 de
1150 4245 1363 4308 Macedonum
1387 4247 1507 4308 aniiois.

801 4350 860 4429 IV)
881 4354 899 4430 ξ
925 4353 1064 4413 21-25.
1094 4352 1201 4414 Prima
1224 4352 1385 4434 extemplo
1410 4351 1505 4414 verba
1528 4355 1611 4421 ,πῶς
1633 4345 1690 4411 οἷν
1712 4353 1768 4410 οὐκ
1793 4350 1929 4411 ἄτοπον(
1953 4352 2106 4435 leguntur
2128 4349 2212 4434 apud
2232 4351 2482 4421 Demosthenem

695 4455 780 4519 XIX
800 4459 818 4537 §
845 4458 895 4536 71,
919 4457 975 4520 ubi
994 4459 1136 4521 additum
1161 4466 1209 4522 est
1232 4457 1311 4529 ,,καὶ
1337 4459 1514 4535 oeconomo
1556 4457 1611 4539 Ea,
1635 4477 1717 4540 quae
1742 4465 1924 4540 sequuntur
1947 4465 2006 4528 „oi
2023 4461 2091 4538 μὲν
2110 4457 2217 4519 ἄλλοι
2233 4457 2407 4535 Ἕλληνες
2430 4462 2483 4523 κατ’

693 4562 883 4646 βάρβαροι
915 4562 1077 4631 ἅπαντες
1107 4563 1162 4638 τήν
1189 4563 1264 4644 πρὸς
1298 4565 1392 4644 ὑμᾶς
1425 4563 1570 4644 ἔχθραν
1601 4569 1835 4646 posteriorem
1867 4585 1967 4649 prope
1999 4566 2156 4629 accedunt
2188 4565 2226 4628 ad
2255 4563 2485 4633 Demosthenis

695 4671 785 4751 VIII,
810 4671 984 4734 67'verbo:
1017 4670 1113 4750 ὁμὲν
1135 4670 1291 4751 εὐδαίμων
1314 4670 1369 4731 καὶ
1391 4674 1488 4751 μέγας
1511 4668 1566 4729 καὶ
1589 4670 1741 4753 φοβερὸς
1770 4676 1861 4732 πᾶσι
1879 4671 2028 4745 Ἕλλησι
2056 4671 2121 4764 καὶ
2142 4670 2365 4755 βαρβάροις.
2410 4675 2484 4739 Jam

693 4781 795 4863 pergit
818 4784 929 4841 auctor
952 4771 1037 4838 οὗτοι
1060 4780 1088 4838 δὲ
1109 4779 1284 4839 νεόπλουτοι
1303 4777 1475 4861 (sigrnfieat
1493 4777 1703 4841 Macedonum
1723 4779 1891 4858 satellites).
1934 4779 2037 4862 Supra
2060 4779 2284 4862 exposuimus,
2306 4779 2369 4843 hoo
2392 4801 2486 4846 roca·

693 4888 808 4950 bulum
832 4885 917 4968 apud
941 4884 1189 4949 Demosthenem
1214 4905 1277 4948 non
1302 4893 1436 4964 exstare,
1461 4887 1650 4948 sententiam
1673 4887 1893 4968 compluribus
1916 4887 1993 4948 loeis
2014 4887 2164 4969 exprimi:
2189 4884 2249 4964 III,
2269 4886 2327 4948 29:
2354 4895 2405 4957 „oi
2426 4893 2487 4968 μὲν

694 4998 727 5052 ἐκ
751 4997 881 5069 πτωχῶν
903 4992 1043 5052 πλούσιοι
1065 4995 1254 5071 γίγνονται“;
1281 4992 1371 5059 VIII.
1396 4992 1451 5053 66:
1481 4991 1558 5061 ,,και“
1582 4991 1689 5070 γάρτοι
1713 4991 1828 5052 τούτοιν
1849 4997 1908 5072 μὲν
1931 4999 1964 5052 ἐκ
1988 4995 2113 5070 πτωχῶν
2135 4990 2209 5052 ἐ’νιοι
2238 4991 2318 5071 ταχδ
2343 4995 2487 5056 πλούσιοι

693 5099 879 5179 γίγνονται“;
900 5099 1025 5177 XXIV,
1047 5101 1123 5161 124:
1145 5102 1226 5169 „oria
1250 5101 1411 5176 ἀγαπῶσιν
1433 5104 1466 5157 ἐκ
1491 5097 1626 5172 πενήτων
1649 5099 1790 5159 πλούσιοι
1814 5097 1878 5158 άπὸ
1902 5103 1954 5173 τῆς
1978 5098 2089 5166 πόλεως
2111 5097 2324 5179 γιγνόμενοι“;
2355 5105 2487 5185 saepius

693 5209 727 5270 in
750 5208 931 5290 prooemiis,
954 5206 1092 5288 oxenrpli
1116 5226 1211 5268 eausa
1231 5207 1263 5268 in
1284 5207 1550 5288 quinquagesimo
1574 5207 1679 5269 tertio:
1710 5213 1762 5276 „ee
1786 5210 1911 5284 πτωχῶν
1934 5204 2075 5266 πλούσιοι
2096 5204 2286 5286 γεγόνασιν(
2317 5204 2358 5270 111
2378 5209 2488 5272 verbis
