5084 5984
1032 444 1192 451 --.-
1250 409 1296 479 15
1352 442 1421 448 --
1434 443 1512 517 ,,,-

484 619 695 683 Transeamus
715 621 813 701 igitur
835 619 874 682 ad
894 620 1157 702 complexionem,
1180 639 1275 700 quam
1296 617 1517 701 Hermogenes
1536 615 1602 697 περὶ
1626 615 1710 676 ιδεῶν
1728 636 1796 698 pag.
1818 618 1882 678 394
1906 617 1963 697 (ed.
1984 616 2130 700 Spengel)
2142 622 2165 699 ¹)

379 727 536 808 imprimis
564 726 765 809 admirandae
789 725 1013 790 Demosthenis
1041 726 1116 788 artis
1145 724 1270 786 dicendi
1297 726 1454 807 propriam
1484 743 1554 788 esse
1583 722 1783 806 significavit.
1834 721 1897 785 Hic
1924 730 2031 786 alitem
2061 734 2166 786 orator

380 833 505 913 singula
530 834 699 894 enunciata
722 835 823 916 magis
847 834 919 896 laaxe
942 834 1026 896 inter
1048 851 1083 894 se
1106 832 1269 894 conneot't
1292 851 1388 914 (luam
1413 839 1479 894 arte
1503 831 1732 913 complectitur.
1779 828 1905 892 Paucae
1928 830 2058 912 periodi,
2083 850 2164 913 quae

379 939 472 1020 paulo
496 938 638 1021 longiore
661 940 798 1002 circuitu
821 941 855 1001 in
878 940 1018 1001 oratione
1043 945 1151 1001 nostra
1169 943 1306 1018 exstant,
1329 944 1455 1021 propter
1473 939 1554 1000 hanc
1573 956 1702 1000 causam
1722 937 1794 1017 jure
1813 936 2097 1018 reprehenduntur.

485 1047 504 1125 ξ
529 1047 548 1108 3
572 1053 599 1104 εἰ
621 1045 658 1119 δή
684 1069 726 1111 τις
749 1045 926 1123 ἐρωτήσειεν
951 1045 1047 1124 ὑμᾶς,
1070 1038 1216 1124 ὦάνδρες
1232 1043 1412 1117 Ἀθηναῖοι,
1436 1043 1485 1104 έπὶ
1504 1046 1563 1103 τίνι
1582 1042 1624 1102 ἀν
1640 1043 1766 1121 μάλιστ’
1789 1042 2049 1121 ἀγανακτήσαιτ’,
2072 1048 2101 1104 εί
2123 1069 2166 1112 τις

378 1150 560 1229 ἀναγκάζοι,
584 1150 684 1231 οἶμαι,
706 1160 734 1211 εί
754 1146 835 1226 ἦσαν
858 1152 941 1211 κατὰ
962 1150 1014 1211 τὸν
1037 1150 1103 1210 νυνὶ
1121 1149 1239 1229 χρόνον
1257 1158 1287 1210 οἱ
1306 1150 1561 1230 Πισιστρατίδαι,
1584 1153 1644 1209 καί
1664 1174 1707 1216 τις
1725 1148 1862 1231 ἐβιάζετο
1885 1149 2034 1229 κατάγειν
2052 1150 2165 1219 αύτούς

379 1256 463 1337 δευρί
479 1266 510 1320 et
533 1278 615 1340 quae
639 1267 828 1341 seqiurntur.
874 1260 928 1323 Sic
951 1259 1035 1321 enim
1061 1277 1134 1320 eum
1159 1261 1191 1316 Σ
1212 1258 1281 1321 εἰπε
1305 1257 1401 1320 dubio
1431 1257 1603 1341 legendum
1627 1265 1687 1336 est,
1715 1257 1748 1319 id
1776 1256 1864 1339 quod
1885 1256 1987 1320 Tune.
2011 1257 2166 1336 fecerunt,

377 1344 515 1428 'Wcilius
531 1367 604 1446 jiue
624 1366 770 1429 defendit.
809 1365 891 1427 Nam
910 1384 1007 1427 cansa
1026 1384 1089 1426 uon
1110 1370 1167 1445 est,
1186 1384 1244 1426 cur
1263 1364 1408 1427 homines
1427 1364 1511 1426 docti
1530 1363 1707 1427 etWolfius
1726 1368 1757 1427 et
1774 1362 1925 1427 Reiskius
1944 1369 1975 1426 et
1992 1363 2033 1426 H.
2053 1365 2165 1429 Sohae-

376 1472 463 1534 ferus
488 1473 527 1534 de
549 1472 610 1534 hoc
633 1473 703 1535 loco
723 1472 939 1534 dubitaverint
962 1482 1017 1533 aut
1035 1469 1223 1533 Dindortius
1241 1470 1340 1533 verba
1357 1470 1444 1553 vulg.
1464 1469 1727 1548 ἀγανακτήσαιτε,
1746 1471 1853 1530 εἴποιτ’
1876 1471 1918 1530 ἂν
1936 1469 2025 1551 οἶμαι
2046 1471 2165 1542 πάντες,

377 1580 447 1644 εἴτις
480 1578 670 1656 ἀναγκάζοι“
704 1580 932 1661 permutaverit
964 1588 996 1641 et
1027 1580 1071 1640 ita
1102 1578 1317 1640 collocaverit:
1357 1575 1644 1655 ,,ἀγανακτήσαιτε,
1681 1578 1789 1636 εἴποιτ’
1826 1575 1868 1635 ἀν
1900 1577 2024 1657 πάντες,
2062 1581 2091 1637 εἴ
2123 1602 2165 1645 τις

378 1684 558 1763 ἀναγκάζοι.
593 1684 692 1764 Οἶμαι
710 1684 777 1754 ee,-
796 1683 1055 1762 antl'oemelinS,
1075 1685 1130 1766 qui
1149 1684 1316 1747 lectionem
1337 1683 1405 1746 cod.
1425 1687 1457 1742 Σ
1473 1685 1628 1766 sequitur,
1647 1690 1718 1766 post
1736 1682 1826 1762 οἶμαι
1845 1690 2001 1765 punctum
2016 1687 2165 1767 posuerit.

380 1790 550 1872 „Abrupta
574 1793 687 1873 inquit,
711 1791 880 1873 respondet
899 1798 984 1853 recto
1005 1809 1150 1854 sermone
1175 1791 1234 1854 sibi
1257 1791 1325 1873 ipse
1345 1792 1475 1853 orator.“
1523 1789 1584 1853 Sed
1608 1796 1692 1853 recte
1711 1789 1848 1853 Weilins
1872 1792 1900 1853 ei
1921 1792 2051 1872 opponit
2070 1792 2166 1855 verba

378 1901 449 1963 εἴτις
468 1897 659 1977 ἀναγκάζοι“
683 1917 747 1959 που
770 1897 837 1959 sore
860 1898 1108 1961 Atheniensium
1131 1917 1331 1980 responsum.
1376 1895 1535 1979 Equidem
1561 1915 1688 1977 censeo,
1711 1898 1818 1958 oninia
1841 1896 1921 1959 benc
1945 1896 2114 1979 quadrare,
2138 1901 2165 1961 si

380 2007 561 2083 statuimus,
580 2003 676 2066 verba
694 2004 738 2065 ita
757 2003 899 2086 legenda,
921 2011 959 2066 nt
972 2007 1004 2063 Σ
1015 2004 1116 2075 habet,
1135 2012 1166 2068 et
1184 2002 1337 2067 vertenda
1355 2022 1438 2066 csse:
1464 2005 1549 2085 „J'am
1569 2004 1597 2066 si
1617 2005 1689 2085 quis
1708 2005 1924 2084 interrogaret,
1943 2002 2166 2086 Athenienses

378 2109 417 2171 ob
433 2130 538 2191 ‘quam
561 2129 628 2173 rcm
651 2111 839 2193 gravissime
862 2111 1119 2193 indignaremini,
1142 2112 1169 2173 si
1194 2112 1267 2194 quis
1291 2116 1425 2192 cogeret,
1449 2111 1570 2192 opinor,
1599 2112 1626 2173 si
1650 2111 1711 2172 hoc
1734 2118 1875 2191 tempore
1899 2110 2045 2173 viverent
2067 2111 2165 2176 Pisis·

377 2216 506 2279 tmtidac
534 2223 565 2278 et
593 2217 709 2300 aliquis
737 2224 876 2299 cogeret,
910 2237 965 2281 eos
993 2219 1156 2298 reducere,
1184 2236 1244 2280 nos
1277 2217 1373 2280 armis
1401 2218 1500 2299 captis
1528 2235 1623 2280 omne
1649 2217 1829 2299 pericuhun
1857 2217 1965 2298 potius
1994 2217 2166 2300 subituros,

377 2342 472 2403 qnam
497 2323 568 2385 illos
593 2331 775 2407 recepturos
799 2325 896 2387 esse.“
942 2324 1003 2387 His
1028 2325 1133 2388 verbis
1157 2324 1271 2388 deinde
1290 2322 1444 2406 particula
1463 2329 1588 2386 tantum
1608 2323 1786 2406 'copulativa
1806 2342 1851 2402 ca,
1875 2343 1957 2404 quac
1976 2333 2167 2407 sequuntur,

375 2428 448 2491 laxe
471 2435 699 2493 annectuntur:
729 2419 943 2505 καὶτοσυύτῳ
965 2434 1099 2510 μᾶλλον,
1124 2429 1186 2505 ὅσῳ
1210 2429 1263 2489 τὸν
1288 2434 1348 2509 μέν
1374 2433 1496 2502 οἰκέτην
1523 2429 1620 2496 οὐδεὶς
1642 2429 1717 2490 ἑκὼν
1739 2429 1781 2488 ἀν
1804 2431 2023 2501 ἀποκτείνειεν,
2048 2431 2116 2498 τούς
2135 2432 2165 2492 δέ

376 2540 640 2615 τυραννουμένους
664 2535 807 2614 ἀκρίτους
830 2534 914 2597 ἔστιν
937 2538 1016 2619 ὁρᾶν
1039 2536 1110 2618 ἅμα
1134 2536 1189 2598 καὶ
1214 2538 1428 2619 ὑβριζομένους
1450 2543 1492 2604 εἰς
1512 2536 1625 2603 παῖδας
1643 2536 1698 2596 καὶ
1716 2539 1874 2616 γυναῖκας.
1920 2536 2039 2600 Eodem
2070 2540 2163 2602 modo

376 2642 492 2705 verba
515 2643 534 2722 ξ
561 2643 600 2703 16
626 2644 802 2726 composita
825 2651 915 2707 sunt:
941 2642 1039 2713 ,,ούτω
1065 2647 1167 2705 τοίνυν
1188 2644 1300 2726 ῥαδίως
1322 2641 1363 2702 τὰ
1382 2640 1462 2702 ὅπλα
1482 2641 1645 2722 ἐπήνεγκεν
1668 2644 1685 2702 ὁ
1704 2642 1860 2704 Μακεδὼν
1878 2680 1921 2690 -
1941 2644 2165 2721 -τοσούτῳ

376 2747 440 2807 καὶ
465 2752 529 2808 νῦν
551 2753 671 2827 μᾶλλον
699 2748 718 2821 i)
739 2747 885 2828 πρότερον
909 2748 971 2824 ὅσῳ
999 2759 1030 2814 et
1058 2770 1140 2833 quae
1164 2754 1346 2833 Sequuntur
1373 2756 1410 2812 el
1428 2750 1542 2813 verba
1566 2751 1584 2831 ξ
1605 2751 1646 2811 25
1665 2747 1720 2816 ἕως
1737 2749 1798 2829 γάρ
1822 2751 1864 2809 ἀν
1886 2754 1938 2834 ἐξῇ
1958 2788 1997 2797 -
2021 2790 2059 2798 -
2085 2752 2166 2812 εἶναι

376 2856 492 2933 κυρίοις
507 2857 568 2921 τοῖς
581 2876 613 2934 γε
628 2853 712 2914 κατά
727 2858 785 2934 γήν
795 2894 836 2901 -
850 2858 1060 2939 -εὑρέσθαι,
1080 2857 1194 2924 άλλως
1213 2879 1247 2917 τε
1262 2854 1326 2916 καὶ
1346 2859 1550 2935 πεπαυμένων
1565 2855 1624 2916 ὑπὸ
1643 2861 1696 2929 τῆς
1716 2854 1808 2933 τύχης
1823 2861 1878 2915 τῶν
1893 2855 2166 2938 δορυφορουμένων

378 2959 436 3020 ὑπὸ
456 2965 511 3020 τῶν
530 2965 718 3041 τυραννικῶν
736 2962 949 3040 στρατοπέδων
967 2963 1032 3023 καὶ
1051 2970 1106 3024 τῶν
1123 2969 1183 3044 μέν
1200 2967 1409 3043 ἐφθαρμένων
1427 2966 1484 3021 τῶν
1502 2961 1532 3022 δέ
1551 2964 1785 3041 ἐξεληλεγμένων
1803 2961 1924 3029 οὐδενὸς
1948 2965 2043 3035 ἀξίων
2061 2965 2165 3043 ὄντων,

377 3066 435 3128 ubi
457 3068 593 3130 alterum
617 3067 672 3127 καὶ
692 3068 828 3132 alterum
847 3071 992 3153 excipiat.
1025 3070 1113 3134 Laxe
1137 3072 1272 3134 alterum
1292 3088 1422 3152 quoque
1441 3061 1621 3132 membrum
1637 3068 1747 3130 οὐδένα
1762 3069 1792 3129 δὲ
1807 3072 1926 3129 οἴονται
1945 3070 2165 3144 αἰσθήσεσθαι

379 3209 417 3218 -
441 3210 478 3218 -
506 3180 562 3233 τῶν
585 3179 738 3234 πολιτειῶν
760 3180 1001 3256 καταλυομένων
1028 3178 1115 3240 alteri
1140 3178 1158 3258 ᾗ
1185 3178 1225 3238 14
1250 3176 1409 3257 adjectum
1432 3181 1488 3239 est.
1536 3174 1641 3251 Quid?
1670 3177 1748 3239 haec
1771 3178 1940 3240 enunciata
1963 3197 2069 3241 nonne
2093 3186 2165 3261 apta

376 3279 583 3344 conclusione
611 3283 738 3344 carent?
789 3281 862 3344 Non
895 3284 1011 3347 melius
1044 3291 1108 3347 tres
1140 3283 1212 3346 illae
1245 3284 1419 3346 sententiae
1450 3283 1600 3346 relativae
1633 3283 1782 3367 deinceps
1813 3285 1933 3366 positae
1966 3303 2001 3347 se
2034 3284 2163 3348 habent:

377 3388 396 3465 ᾖ
418 3388 458 3448 le
482 3394 511 3446 ol
531 3385 560 3447 δὲ
581 3385 729 3447 τοσούτου
751 3388 852 3450 δέουσι
876 3390 991 3450 τούτων
1019 3414 1046 3449 τι
1065 3389 1192 3451 κωλύειν
1213 3389 1285 3451 ὥστε
1313 3388 1368 3448 καί
1397 3388 1754 3470 συγκατασκευάζουσιν,
1783 3391 1844 3456 οὓς
1872 3395 1932 3457 πῶς
1959 3392 1997 3450 οὐ
2025 3391 2167 3472 προςήκει

376 3495 583 3562 άπολωλε’ναι,·
610 3497 643 3552 οἳ
668 3493 854 3566 τηλικάυτας
876 3497 1041 3576 συμφοράς
1069 3496 1361 3576 παρασκευάζουσιν
1388 3501 1421 3556 ἐν
1449 3499 1514 3562 ταῖς
1540 3494 1677 3565 πόλεσιν,
1706 3496 1749 3563 ἀς
1772 3495 1823 3556 διὰ
1848 3495 1882 3556 τὸ
1905 3501 2035 3577 μέγεδο.1
2060 3500 2166 3564 αὐτοῖς

377 3599 533 3666 τοσούτοις
552 3593 621 3659 οὖσι
639 3599 686 3679 μή
705 3605 852 3681 περιορᾶν
875 3606 1033 3676 ἐπέταξαν.
1078 3604 1148 3668 Hac
1171 3624 1213 3668 ex
1235 3623 1269 3667 re
1293 3624 1392 3666 unam
1415 3609 1538 3666 tantum
1563 3604 1730 3687 periodum
1754 3604 1884 3666 laudare
1907 3624 2080 3686 possumus
2102 3607 2165 3688 pri·

298 3779 303 3795 ,
375 3725 460 3768 marn
485 3708 504 3786 ἕ
530 3708 545 3767 i
572 3697 656 3785 et'2,
679 3707 735 3769 uhi
758 3700 951 3774 constructio
975 3712 1131 3775 concinna
1153 3718 1202 3774 est
1224 3717 1255 3775 et
1278 3711 1384 3775 verbis
1405 3714 1517 3791 μηκέτι
1534 3714 1690 3790 μέλλοντες
1710 3710 1790 3773 bene
1814 3709 1921 3772 orbem
1946 3711 2080 3773 conficit.

483 3813 591 3875 Altera
619 3814 713 3896 paulo
743 3817 859 3896 majore
887 3819 1022 3880 circuitu
1051 3819 1208 3882 sententia
1236 3819 1254 3899 ᾗ
1281 3819 1322 3880 14
1351 3817 1540 3881 obscuritate
1569 3818 1705 3899 quadam
1736 3817 1906 3880 vorborum
1940 3819 2075 3900 insignis
2108 3828 2163 3881 est.

376 3918 479 3981 Verba
497 3918 606 3979 κελεύω
625 3922 647 3978 δ
651 3919 749 3999 ἔγωγε,
768 3921 917 4001 καθάπερ
936 3929 968 3983 ἐν
986 3925 1070 4008 ἀρχή
1088 3927 1243 4004 προεῖπον,
1262 3927 1433 3986 πείθεσθαι
1453 3923 1569 3991 τούτοις
1583 3926 1644 3991 τοὶς
1657 3923 1825 4000 φάσκουσι,
1845 3922 1907 3983 δεῖν
1920 3931 1953 3983 ἐν
1967 3927 2033 3989 ταῖς
2046 3927 2165 3991 κοιναῖς

376 4026 553 4105 ὁμολογίαις
576 4031 726 4107 ἐμμένειν,
749 4035 778 4088 εἰ
798 4027 845 4108 μή
869 4031 965 4089 ἐκεῖνο
991 4035 1180 4110 νομίζουσιν,
1205 4027 1282 4090 ὅταν
1303 4035 1363 4111 μέν
1385 4034 1511 4111 λέγωσιν
1533 4031 1570 4097 ὡς
1593 4034 1773 4109 ἐμμενετέον
1792 4033 1853 4096 τοῖς
1873 4029 1987 4110 ὅρκοις,
2011 4032 2048 4090 ού
2071 4034 2165 4109 λέγειν

375 4131 489 4199 αὐτούς
517 4140 604 4210 lcum
633 4133 791 4214 Dobraeo)
821 4135 855 4194 τό
882 4137 1001 4215 μηδένα
1030 4137 1224 4219 (conjectura
1247 4136 1365 4218 Wolfii)
1394 4136 1589 4206 ἀδικεῖσθαι,
1617 4157 1699 4220 quae
1727 4137 1808 4200 benc
1836 4136 1985 4200 Reishius
2013 4139 2162 4219 explicat:

376 4239 548 4318 „hactenus
575 4242 624 4321 ajo
654 4245 873 4305 necessitatem
901 4245 935 4305 in
959 4246 1059 4327 pactis
1082 4243 1306 4327 perseverandi
1328 4243 1562 4307 incidcantibus
1586 4243 1868 4307 obsecundandum
1893 4263 1976 4323 esse,
2005 4251 2164 4326 quatenns

375 4365 446 4409 eam
475 4353 625 4432 urgentes
652 4367 715 4409 non
745 4350 884 4430 capitose
915 4349 1107 4432 loquantur,
1134 4351 1193 4413 hoc
1221 4356 1270 4413 est
1297 4350 1475 4413 excludunt
1502 4370 1520 4412 a
1544 4350 1788 4432 cogitationibus
1813 4353 1882 4414 suis
1905 4371 1973 4413 eam
1999 4356 2162 4432 pactorum

376 4453 570 4533 clausulam,
594 4474 675 4536 quae
699 4461 784 4517 vetat
809 4455 865 4518 alli
888 4458 1037 4538 injuriam
1062 4457 1161 4520 ullam
1185 4457 1317 4534 offerro,
1340 4460 1405 4539 jam
1431 4477 1487 4540 per
1510 4477 1543 4520 se
1567 4476 1633 4519 nou
1656 4457 1781 4539 liquent
1806 4477 1910 4540 noque
1934 4456 2025 4518 facile
2048 4456 2164 4518 intelli-

374 4567 509 4641 ganno,
530 4561 712 4624 obscuriora
732 4569 838 4625 autem
858 4570 890 4626 et
907 4564 1106 4648 impeditiora
1123 4564 1207 4628 fiunt
1224 4565 1337 4628 iisdem
1356 4564 1462 4627 verbis
1481 4565 1622 4646 repetitis
1641 4562 1683 4622 δεῖ
1702 4567 1844 4642 ἐμμένειν
1861 4601 1899 4608 -
1916 4565 1952 4630 ὡς
1970 4566 2164 4642 ἐμμενετέοις

375 4664 452 4725 ὅταν
470 4671 528 4745 μέν
546 4672 671 4748 λέγωσιν
687 4705 725 4713 -
738 4669 775 4728 ού
792 4673 894 4749 λέγειν.
930 4670 978 4733 De
997 4670 1102 4733 verbis
1121 4670 1232 4730 οὐδένα
1250 4669 1279 4729 δέ
1300 4673 1419 4731 οἴονται
1438 4671 1507 4733 sine
1526 4669 1592 4733 ulla
1611 4671 1833 4753 complexione
1852 4669 1966 4732 additis
1981 4671 2047 4749 jem
2068 4656 2164 4751 supra

375 4773 528 4853 diximus,
551 4782 588 4838 ut
607 4776 679 4856 juro
703 4775 892 4839 Schacferns
915 4777 1184 4839 constructionem
1208 4796 1322 4859 parum
1346 4778 1536 4840 concinnam
1560 4796 1629 4840 esse
1649 4775 1848 4857 judicaverit.

482 4880 588 4943 Verba
611 4881 726 4964 epilogi
751 4882 825 4951 ,,καὶ
843 4882 904 4961 γάρ
922 4879 966 4942 ἔτι
986 4885 1229 4962 προςγέγραπται
1253 4885 1320 4949 ταῖς
1343 4883 1531 4960 συνθήκαις,
1560 4881 1616 4942 ἐάν
1633 4880 1818 4964 patricinae:
1844 4885 1896 4954 τῆς
1915 4885 2019 4954 κοινής
2042 4881 2163 4960 εἰρήνης

373 4991 523 5067 μετέχειν·
552 4986 587 5047 τὸ
607 4987 632 5046 δ’
656 4988 730 5058 ,,ἐάν
747 4989 952 5069 βοιιλώμεθιι“
982 4987 1063 5049 ἐστὶν
1082 4987 1151 5069 ἅμα
1181 4989 1236 5047 καὶ
1265 4991 1456 5048 τούναντίον·
1484 4997 1512 5050 εἰ
1538 4988 1601 5068 ἀρα
1632 4992 1701 5047 ποτὲ
1735 4989 1779 5048 δεῖ
1813 4987 2003 5047 παύσασθαι
2031 4993 2164 5066 αἰσχρῶς

486 5219 509 5277 ll
531 5217 658 5267 Μάλιστα
674 5220 700 5267 δι’
716 5223 762 5284 τῆς
777 5216 849 5275 ἰδίας
863 5218 962 5285 ταύτης
978 5218 1005 5287 (i.
1016 5235 1039 5272 e.
1050 5219 1212 5287 δεινότητος)
1228 5219 1273 5268 καὶ
1288 5219 1319 5268 τὸ
1335 5219 1404 5268 κατὰ
1420 5217 1571 5289 συστροφήν
1586 5221 1673 5284 σχῆμα
1690 5217 1796 5268 οἰκεῖον.
1826 5220 1857 5270 ci.
1875 5216 1961 5269 Blaeso.
1978 5213 2017 5268 ΠΙ
2033 5218 2053 5267 l.
2067 5233 2090 5283 p.
2104 5217 2161 5267 127.
