<?xml version="1.0" encoding="UTF-8"?>
<!DOCTYPE html PUBLIC "-//W3C//DTD XHTML 1.0 Transitional//EN"
    "http://www.w3.org/TR/xhtml1/DTD/xhtml1-transitional.dtd">
<html xmlns="http://www.w3.org/1999/xhtml" xml:lang="en" lang="en">
 <head>
  <title>
</title>
<meta http-equiv="Content-Type" content="text/html;charset=utf-8" />
  <meta name='ocr-system' content='tesseract 3.04.00' />
  <meta name='ocr-capabilities' content='ocr_page ocr_carea ocr_par ocr_line ocrx_word'/>
</head>
<body>
  <div class='ocr_page' id='page_1' title='image "./deorationequaee00windgoog_0032.png"; bbox 0 0 5084 5984; ppageno 0'>
   <div class='ocr_carea' id='block_1_1' title="bbox 1029 435 1294 507">
    <p class='ocr_par' dir='ltr' id='par_1_1' title="bbox 1029 435 1508 507">
     <span class='ocr_line' id='line_1_1' title="bbox 1029 435 1294 507; baseline -0.002 -32"><span class='ocrx_word' id='word_1_1' title='bbox 1029 468 1188 475; x_wconf 47' lang='lat' dir='ltr'>ffl-</span> <span class='ocrx_word' id='word_1_2' title='bbox 1245 435 1294 507; x_wconf 77' lang='lat'>23</span> 
     </span>
    </p>
   </div>
   <div class='ocr_carea' id='block_1_2' title="bbox 375 638 2180 4233">
    <p class='ocr_par' dir='ltr' id='par_1_2' title="bbox 375 638 2180 4233">
     <span class='ocr_line' id='line_1_2' title="bbox 375 638 2160 726; baseline -0.004 -21"><span class='ocrx_word' id='word_1_3' title='bbox 375 663 439 706; x_wconf 93' lang='lat' dir='ltr'>nen</span> <span class='ocrx_word' id='word_1_4' title='bbox 463 651 572 726; x_wconf 85' lang='lat' dir='ltr'>petest.</span> <span class='ocrx_word' id='word_1_5' title='bbox 620 643 707 719; x_wconf 79' lang='lat' dir='ltr'>Quae</span> <span class='ocrx_word' id='word_1_6' title='bbox 730 665 802 706; x_wconf 75' lang='lat' dir='ltr'>crim</span> <span class='ocrx_word' id='word_1_7' title='bbox 828 646 872 706; x_wconf 90' lang='lat' dir='ltr'>ita</span> <span class='ocrx_word' id='word_1_8' title='bbox 895 646 968 726; x_wconf 88' lang='lat' dir='ltr'>sint,</span> <span class='ocrx_word' id='word_1_9' title='bbox 996 644 1200 726; x_wconf 88' lang='lat' dir='ltr'>explicationi</span> <span class='ocrx_word' id='word_1_10' title='bbox 1222 645 1268 706; x_wconf 92' lang='lat' dir='ltr'>illi</span> <span class='ocrx_word' id='word_1_11' title='bbox 1288 643 1419 726; x_wconf 83' lang='lat' dir='ltr'>Sauppii</span> <span class='ocrx_word' id='word_1_12' title='bbox 1442 644 1530 706; x_wconf 91' lang='lat' dir='ltr'>locus</span> <span class='ocrx_word' id='word_1_13' title='bbox 1554 662 1617 704; x_wconf 93' lang='lat' dir='ltr'>nen</span> <span class='ocrx_word' id='word_1_14' title='bbox 1642 647 1699 721; x_wconf 85' lang='lat' dir='ltr'>est,</span> <span class='ocrx_word' id='word_1_15' title='bbox 1723 660 1797 702; x_wconf 92' lang='lat' dir='ltr'>cum</span> <span class='ocrx_word' id='word_1_16' title='bbox 1821 638 1945 717; x_wconf 84' lang='lat' dir='ltr'>titulus,</span> <span class='ocrx_word' id='word_1_17' title='bbox 1967 639 2001 700; x_wconf 90' lang='lat' dir='ltr'>iu</span> <span class='ocrx_word' id='word_1_18' title='bbox 2025 657 2089 720; x_wconf 89' lang='lat' dir='ltr'>que</span> <span class='ocrx_word' id='word_1_19' title='bbox 2113 638 2160 699; x_wconf 93' lang='lat' dir='ltr'>in-</span> 
     </span>
     <span class='ocr_line' id='line_1_3' title="bbox 376 745 2161 833; baseline -0.002 -23"><span class='ocrx_word' id='word_1_20' title='bbox 376 752 489 832; x_wconf 87' lang='lat' dir='ltr'>scripta</span> <span class='ocrx_word' id='word_1_21' title='bbox 509 758 556 813; x_wconf 85' lang='lat' dir='ltr'>est</span> <span class='ocrx_word' id='word_1_22' title='bbox 575 770 671 814; x_wconf 87' lang='lat' dir='ltr'>eausa</span> <span class='ocrx_word' id='word_1_23' title='bbox 690 752 757 833; x_wconf 87' lang='lat' dir='ltr'>ipsa</span> <span class='ocrx_word' id='word_1_24' title='bbox 776 752 946 833; x_wconf 87' lang='lat' dir='ltr'>Agenippi,</span> <span class='ocrx_word' id='word_1_25' title='bbox 968 751 1131 813; x_wconf 81' lang='lat' dir='ltr'>antecedat</span> <span class='ocrx_word' id='word_1_26' title='bbox 1149 750 1251 831; x_wconf 92' lang='lat' dir='ltr'>illum,</span> <span class='ocrx_word' id='word_1_27' title='bbox 1275 771 1338 832; x_wconf 88' lang='lat' dir='ltr'>quo</span> <span class='ocrx_word' id='word_1_28' title='bbox 1358 770 1398 813; x_wconf 91' lang='lat' dir='ltr'>ex</span> <span class='ocrx_word' id='word_1_29' title='bbox 1418 751 1537 833; x_wconf 82' lang='lat' dir='ltr'>Sauppi</span> <span class='ocrx_word' id='word_1_30' title='bbox 1556 749 1713 812; x_wconf 88' lang='lat' dir='ltr'>sententia</span> <span class='ocrx_word' id='word_1_31' title='bbox 1731 746 1873 825; x_wconf 80' lang='lat' dir='ltr'>traditur,</span> <span class='ocrx_word' id='word_1_32' title='bbox 1896 765 1978 826; x_wconf 91' lang='lat' dir='ltr'>quae</span> <span class='ocrx_word' id='word_1_33' title='bbox 2002 745 2040 808; x_wconf 93' lang='lat' dir='ltr'>de</span> <span class='ocrx_word' id='word_1_34' title='bbox 2064 764 2161 807; x_wconf 87' lang='lat' dir='ltr'>causa</span> 
     </span>
     <span class='ocr_line' id='line_1_4' title="bbox 376 852 2160 939; baseline -0.003 -20"><span class='ocrx_word' id='word_1_35' title='bbox 376 857 496 934; x_wconf 85' lang='lat' dir='ltr'>agenda</span> <span class='ocrx_word' id='word_1_36' title='bbox 521 856 657 939; x_wconf 90' lang='lat' dir='ltr'>populus</span> <span class='ocrx_word' id='word_1_37' title='bbox 681 859 823 919; x_wconf 86' lang='lat' dir='ltr'>sciverat.</span> <span class='ocrx_word' id='word_1_38' title='bbox 861 857 948 920; x_wconf 81' lang='lat' dir='ltr'>Infra</span> <span class='ocrx_word' id='word_1_39' title='bbox 966 865 1073 920; x_wconf 88' lang='lat' dir='ltr'>autem</span> <span class='ocrx_word' id='word_1_40' title='bbox 1094 857 1390 936; x_wconf 82' lang='lat' dir='ltr'>demonstrabimus,</span> <span class='ocrx_word' id='word_1_41' title='bbox 1412 857 1469 919; x_wconf 87' lang='lat' dir='ltr'>has</span> <span class='ocrx_word' id='word_1_42' title='bbox 1493 876 1553 937; x_wconf 77' lang='lat' dir='ltr'>rea,</span> <span class='ocrx_word' id='word_1_43' title='bbox 1577 874 1659 937; x_wconf 86' lang='lat' dir='ltr'>quae</span> <span class='ocrx_word' id='word_1_44' title='bbox 1682 854 1722 916; x_wconf 92' lang='lat' dir='ltr'>ad</span> <span class='ocrx_word' id='word_1_45' title='bbox 1741 861 1894 933; x_wconf 86' lang='lat' dir='ltr'>tyrannos</span> <span class='ocrx_word' id='word_1_46' title='bbox 1916 852 2068 935; x_wconf 89' lang='lat' dir='ltr'>expulsos</span> <span class='ocrx_word' id='word_1_47' title='bbox 2090 871 2160 933; x_wconf 89' lang='lat' dir='ltr'>per·</span> 
     </span>
     <span class='ocr_line' id='line_1_5' title="bbox 376 959 2180 1046; baseline -0.003 -20"><span class='ocrx_word' id='word_1_48' title='bbox 376 963 527 1040; x_wconf 86' lang='lat' dir='ltr'>tinebant,</span> <span class='ocrx_word' id='word_1_49' title='bbox 549 970 633 1025; x_wconf 90' lang='lat' dir='ltr'>certe</span> <span class='ocrx_word' id='word_1_50' title='bbox 658 963 795 1044; x_wconf 91' lang='lat' dir='ltr'>quodam</span> <span class='ocrx_word' id='word_1_51' title='bbox 815 964 925 1027; x_wconf 90' lang='lat' dir='ltr'>ordine</span> <span class='ocrx_word' id='word_1_52' title='bbox 945 974 1068 1027; x_wconf 87' lang='lat' dir='ltr'>servate</span> <span class='ocrx_word' id='word_1_53' title='bbox 1089 965 1278 1046; x_wconf 77' lang='lat' dir='ltr'>perscriptas</span> <span class='ocrx_word' id='word_1_54' title='bbox 1301 964 1409 1028; x_wconf 87' lang='lat' dir='ltr'>fuisse.</span> <span class='ocrx_word' id='word_1_55' title='bbox 1443 961 1643 1042; x_wconf 82' lang='lat' dir='ltr'>Droysenius</span> <span class='ocrx_word' id='word_1_56' title='bbox 1663 960 1817 1042; x_wconf 62' lang='grc'><strong>11111370,</strong></span> <span class='ocrx_word' id='word_1_57' title='bbox 1837 960 1912 1021; x_wconf 86' lang='lat' dir='ltr'>item</span> <span class='ocrx_word' id='word_1_58' title='bbox 1932 959 2157 1040; x_wconf 76' lang='grc'><strong>1181111111111,</strong></span> <span class='ocrx_word' id='word_1_59' title='bbox 2177 1033 2180 1036; x_wconf 31' lang='lat'>,</span> 
     </span>
     <span class='ocr_line' id='line_1_6' title="bbox 378 1064 2159 1153; baseline -0.002 -23"><span class='ocrx_word' id='word_1_60' title='bbox 378 1070 458 1131; x_wconf 91' lang='lat' dir='ltr'>duas</span> <span class='ocrx_word' id='word_1_61' title='bbox 483 1076 592 1132; x_wconf 90' lang='lat' dir='ltr'>centra</span> <span class='ocrx_word' id='word_1_62' title='bbox 615 1072 822 1153; x_wconf 88' lang='lat' dir='ltr'>Aganippum</span> <span class='ocrx_word' id='word_1_63' title='bbox 847 1071 987 1133; x_wconf 84' lang='lat' dir='ltr'>actiones</span> <span class='ocrx_word' id='word_1_64' title='bbox 1011 1077 1042 1133; x_wconf 91' lang='lat' dir='ltr'>et</span> <span class='ocrx_word' id='word_1_65' title='bbox 1064 1069 1162 1132; x_wconf 87' lang='lat' dir='ltr'>factas</span> <span class='ocrx_word' id='word_1_66' title='bbox 1186 1081 1217 1132; x_wconf 89' lang='lat' dir='ltr'>et</span> <span class='ocrx_word' id='word_1_67' title='bbox 1240 1071 1407 1153; x_wconf 85' lang='lat' dir='ltr'>inscriptas</span> <span class='ocrx_word' id='word_1_68' title='bbox 1425 1088 1496 1132; x_wconf 84' lang='lat' dir='ltr'>esse</span> <span class='ocrx_word' id='word_1_69' title='bbox 1515 1069 1628 1143; x_wconf 83' lang='lat' dir='ltr'>sumit;</span> <span class='ocrx_word' id='word_1_70' title='bbox 1651 1068 1788 1148; x_wconf 88' lang='lat' dir='ltr'>priorem</span> <span class='ocrx_word' id='word_1_71' title='bbox 1809 1067 1914 1127; x_wconf 87' lang='lat' dir='ltr'>statim</span> <span class='ocrx_word' id='word_1_72' title='bbox 1934 1064 2159 1148; x_wconf 85' lang='lat' dir='ltr'>posthsbum</span> 
     </span>
     <span class='ocr_line' id='line_1_7' title="bbox 377 1158 2160 1259; baseline -0.002 -21"><span class='ocrx_word' id='word_1_73' title='bbox 377 1175 415 1238; x_wconf 91' lang='lat' dir='ltr'>ab</span> <span class='ocrx_word' id='word_1_74' title='bbox 437 1175 622 1258; x_wconf 75' lang='lat' dir='ltr'>Hegelocho</span> <span class='ocrx_word' id='word_1_75' title='bbox 647 1184 769 1259; x_wconf 87' lang='lat' dir='ltr'>captam</span> <span class='ocrx_word' id='word_1_76' title='bbox 793 1196 876 1239; x_wconf 90' lang='lat' dir='ltr'>anne</span> <span class='ocrx_word' id='word_1_77' title='bbox 900 1158 1059 1239; x_wconf 86' lang='lat' dir='ltr'>tricesimo</span> <span class='ocrx_word' id='word_1_78' title='bbox 1084 1176 1180 1238; x_wconf 87' lang='lat' dir='ltr'>altero</span> <span class='ocrx_word' id='word_1_79' title='bbox 1205 1175 1243 1237; x_wconf 91' lang='lat' dir='ltr'>ab</span> <span class='ocrx_word' id='word_1_80' title='bbox 1267 1175 1386 1238; x_wconf 85' lang='lat' dir='ltr'>Eresiis</span> <span class='ocrx_word' id='word_1_81' title='bbox 1411 1196 1468 1238; x_wconf 91' lang='lat' dir='ltr'>sua</span> <span class='ocrx_word' id='word_1_82' title='bbox 1492 1180 1605 1256; x_wconf 91' lang='lat' dir='ltr'>spente</span> <span class='ocrx_word' id='word_1_83' title='bbox 1627 1175 1792 1253; x_wconf 90' lang='lat' dir='ltr'>intentam,</span> <span class='ocrx_word' id='word_1_84' title='bbox 1815 1171 1945 1234; x_wconf 86' lang='lat' dir='ltr'>alteram</span> <span class='ocrx_word' id='word_1_85' title='bbox 1969 1191 2052 1234; x_wconf 88' lang='lat' dir='ltr'>anne</span> <span class='ocrx_word' id='word_1_86' title='bbox 2076 1173 2160 1235; x_wconf 83' lang='lat' dir='ltr'>vice·</span> 
     </span>
     <span class='ocr_line' id='line_1_8' title="bbox 377 1277 2160 1365; baseline -0.003 -21"><span class='ocrx_word' id='word_1_87' title='bbox 377 1284 456 1344; x_wconf 86' lang='lat' dir='ltr'>sime</span> <span class='ocrx_word' id='word_1_88' title='bbox 481 1288 593 1364; x_wconf 88' lang='lat' dir='ltr'>quarte</span> <span class='ocrx_word' id='word_1_89' title='bbox 617 1282 731 1345; x_wconf 88' lang='lat' dir='ltr'>factam</span> <span class='ocrx_word' id='word_1_90' title='bbox 756 1292 827 1365; x_wconf 91' lang='lat' dir='ltr'>post</span> <span class='ocrx_word' id='word_1_91' title='bbox 851 1283 963 1345; x_wconf 83' lang='lat' dir='ltr'>exules</span> <span class='ocrx_word' id='word_1_92' title='bbox 986 1283 1019 1344; x_wconf 90' lang='lat' dir='ltr'>iu</span> <span class='ocrx_word' id='word_1_93' title='bbox 1044 1281 1140 1344; x_wconf 88' lang='lat' dir='ltr'>urbes</span> <span class='ocrx_word' id='word_1_94' title='bbox 1161 1280 1296 1345; x_wconf 85' lang='lat' dir='ltr'>Graecas</span> <span class='ocrx_word' id='word_1_95' title='bbox 1320 1281 1358 1344; x_wconf 90' lang='lat' dir='ltr'>ab</span> <span class='ocrx_word' id='word_1_96' title='bbox 1377 1281 1559 1345; x_wconf 90' lang='lat' dir='ltr'>Alexandro</span> <span class='ocrx_word' id='word_1_97' title='bbox 1583 1280 1730 1342; x_wconf 89' lang='lat' dir='ltr'>reductos</span> <span class='ocrx_word' id='word_1_98' title='bbox 1754 1279 1791 1340; x_wconf 84' lang='lat' dir='ltr'>ci.</span> <span class='ocrx_word' id='word_1_99' title='bbox 1812 1278 1939 1341; x_wconf 89' lang='lat' dir='ltr'>Diodor.</span> <span class='ocrx_word' id='word_1_100' title='bbox 1959 1277 2067 1358; x_wconf 88' lang='lat' dir='ltr'>XVII,</span> <span class='ocrx_word' id='word_1_101' title='bbox 2088 1279 2160 1340; x_wconf 84' lang='lat'><strong>109.</strong></span> 
     </span>
     <span class='ocr_line' id='line_1_9' title="bbox 377 1385 2160 1471; baseline -0.001 -22"><span class='ocrx_word' id='word_1_102' title='bbox 377 1388 533 1471; x_wconf 69' lang='lat' dir='ltr'>Olympiis</span> <span class='ocrx_word' id='word_1_103' title='bbox 567 1390 652 1451; x_wconf 89' lang='lat' dir='ltr'>enim</span> <span class='ocrx_word' id='word_1_104' title='bbox 681 1397 790 1451; x_wconf 86' lang='lat' dir='ltr'>censet</span> <span class='ocrx_word' id='word_1_105' title='bbox 811 1387 967 1467; x_wconf 76' lang='lat' dir='ltr'>Droysen.</span> <span class='ocrx_word' id='word_1_106' title='bbox 992 1388 1105 1450; x_wconf 85' lang='lat' dir='ltr'>exules</span> <span class='ocrx_word' id='word_1_107' title='bbox 1133 1394 1257 1450; x_wconf 89' lang='lat' dir='ltr'>tautum</span> <span class='ocrx_word' id='word_1_108' title='bbox 1282 1408 1301 1449; x_wconf 90' lang='lat' dir='ltr'>a</span> <span class='ocrx_word' id='word_1_109' title='bbox 1323 1386 1480 1449; x_wconf 80' lang='lat' dir='ltr'>Nicanore</span> <span class='ocrx_word' id='word_1_110' title='bbox 1508 1385 1656 1469; x_wconf 81' lang='lat' dir='ltr'>Stagirita</span> <span class='ocrx_word' id='word_1_111' title='bbox 1684 1386 1722 1448; x_wconf 90' lang='lat' dir='ltr'>de</span> <span class='ocrx_word' id='word_1_112' title='bbox 1750 1385 1854 1448; x_wconf 86' lang='lat' dir='ltr'>reditu</span> <span class='ocrx_word' id='word_1_113' title='bbox 1884 1385 2033 1449; x_wconf 79' lang='lat' dir='ltr'>certiores</span> <span class='ocrx_word' id='word_1_114' title='bbox 2061 1385 2160 1448; x_wconf 87' lang='lat' dir='ltr'>lactes</span> 
     </span>
     <span class='ocr_line' id='line_1_10' title="bbox 376 1491 2160 1575; baseline -0.002 -19"><span class='ocrx_word' id='word_1_115' title='bbox 376 1514 455 1573; x_wconf 89' lang='lat' dir='ltr'>csse,</span> <span class='ocrx_word' id='word_1_116' title='bbox 479 1494 592 1557; x_wconf 85' lang='lat' dir='ltr'>deinde</span> <span class='ocrx_word' id='word_1_117' title='bbox 615 1494 836 1557; x_wconf 81' lang='lat' dir='ltr'>Alexandrum</span> <span class='ocrx_word' id='word_1_118' title='bbox 862 1494 975 1557; x_wconf 86' lang='lat' dir='ltr'>litteris</span> <span class='ocrx_word' id='word_1_119' title='bbox 998 1494 1147 1556; x_wconf 86' lang='lat' dir='ltr'>mandata</span> <span class='ocrx_word' id='word_1_120' title='bbox 1175 1513 1233 1556; x_wconf 89' lang='lat' dir='ltr'>sua</span> <span class='ocrx_word' id='word_1_121' title='bbox 1262 1494 1300 1556; x_wconf 89' lang='lat' dir='ltr'>de</span> <span class='ocrx_word' id='word_1_122' title='bbox 1328 1494 1386 1555; x_wconf 90' lang='lat' dir='ltr'>hac</span> <span class='ocrx_word' id='word_1_123' title='bbox 1415 1512 1449 1555; x_wconf 91' lang='lat' dir='ltr'>re</span> <span class='ocrx_word' id='word_1_124' title='bbox 1478 1493 1612 1574; x_wconf 87' lang='lat' dir='ltr'>singulis</span> <span class='ocrx_word' id='word_1_125' title='bbox 1641 1491 1737 1554; x_wconf 90' lang='lat' dir='ltr'>rebus</span> <span class='ocrx_word' id='word_1_126' title='bbox 1766 1491 1901 1574; x_wconf 89' lang='lat' dir='ltr'>publicis</span> <span class='ocrx_word' id='word_1_127' title='bbox 1928 1493 2160 1575; x_wconf 86' lang='lat' dir='ltr'>perscripsisse.</span> 
     </span>
     <span class='ocr_line' id='line_1_11' title="bbox 376 1597 2160 1683; baseline -0.001 -20"><span class='ocrx_word' id='word_1_128' title='bbox 376 1599 424 1663; x_wconf 91' lang='lat' dir='ltr'>Ne</span> <span class='ocrx_word' id='word_1_129' title='bbox 448 1601 526 1663; x_wconf 88' lang='lat' dir='ltr'>haec</span> <span class='ocrx_word' id='word_1_130' title='bbox 550 1600 680 1682; x_wconf 90' lang='lat' dir='ltr'>quidem</span> <span class='ocrx_word' id='word_1_131' title='bbox 705 1600 873 1681; x_wconf 84' lang='lat' dir='ltr'>explicatio</span> <span class='ocrx_word' id='word_1_132' title='bbox 896 1600 1057 1683; x_wconf 90' lang='lat' dir='ltr'>probanda</span> <span class='ocrx_word' id='word_1_133' title='bbox 1080 1619 1149 1662; x_wconf 88' lang='lat' dir='ltr'>esse</span> <span class='ocrx_word' id='word_1_134' title='bbox 1172 1600 1306 1662; x_wconf 78' lang='lat' dir='ltr'>videtur.</span> <span class='ocrx_word' id='word_1_135' title='bbox 1348 1599 1428 1662; x_wconf 84' lang='lat' dir='ltr'>Nam</span> <span class='ocrx_word' id='word_1_136' title='bbox 1453 1600 1593 1681; x_wconf 92' lang='lat' dir='ltr'>primum</span> <span class='ocrx_word' id='word_1_137' title='bbox 1618 1617 1745 1660; x_wconf 86' lang='lat' dir='ltr'>summa</span> <span class='ocrx_word' id='word_1_138' title='bbox 1766 1597 1819 1658; x_wconf 93' lang='lat' dir='ltr'>illa</span> <span class='ocrx_word' id='word_1_139' title='bbox 1842 1597 2013 1661; x_wconf 81' lang='lat' dir='ltr'>difficultas</span> <span class='ocrx_word' id='word_1_140' title='bbox 2037 1618 2160 1661; x_wconf 87' lang='lat' dir='ltr'>reman-</span> 
     </span>
     <span class='ocr_line' id='line_1_12' title="bbox 376 1702 2160 1789; baseline 0 -20"><span class='ocrx_word' id='word_1_141' title='bbox 376 1710 427 1784; x_wconf 84' lang='lat' dir='ltr'>sit,</span> <span class='ocrx_word' id='word_1_142' title='bbox 451 1707 538 1789; x_wconf 89' lang='lat' dir='ltr'>qued</span> <span class='ocrx_word' id='word_1_143' title='bbox 562 1706 626 1768; x_wconf 91' lang='lat' dir='ltr'>due</span> <span class='ocrx_word' id='word_1_144' title='bbox 650 1703 813 1788; x_wconf 86' lang='lat' dir='ltr'>plebiscita</span> <span class='ocrx_word' id='word_1_145' title='bbox 837 1706 875 1768; x_wconf 93' lang='lat' dir='ltr'>de</span> <span class='ocrx_word' id='word_1_146' title='bbox 897 1707 999 1789; x_wconf 88' lang='lat' dir='ltr'>primo</span> <span class='ocrx_word' id='word_1_147' title='bbox 1023 1713 1159 1785; x_wconf 79' lang='lat' dir='ltr'>tyranno</span> <span class='ocrx_word' id='word_1_148' title='bbox 1182 1708 1216 1766; x_wconf 91' lang='lat' dir='ltr'>in</span> <span class='ocrx_word' id='word_1_149' title='bbox 1240 1705 1344 1788; x_wconf 90' lang='lat' dir='ltr'>lapide</span> <span class='ocrx_word' id='word_1_150' title='bbox 1366 1705 1492 1788; x_wconf 90' lang='lat' dir='ltr'>publice</span> <span class='ocrx_word' id='word_1_151' title='bbox 1515 1707 1667 1787; x_wconf 87' lang='lat' dir='ltr'>iuscripta</span> <span class='ocrx_word' id='word_1_152' title='bbox 1691 1709 1775 1783; x_wconf 86' lang='lat' dir='ltr'>sunt,</span> <span class='ocrx_word' id='word_1_153' title='bbox 1800 1702 1940 1781; x_wconf 88' lang='lat' dir='ltr'>alterius,</span> <span class='ocrx_word' id='word_1_154' title='bbox 1964 1707 2072 1786; x_wconf 89' lang='lat' dir='ltr'>quiin</span> <span class='ocrx_word' id='word_1_155' title='bbox 2096 1708 2160 1788; x_wconf 93' lang='lat' dir='ltr'>ple-</span> 
     </span>
     <span class='ocr_line' id='line_1_13' title="bbox 377 1810 2160 1895; baseline 0.001 -22"><span class='ocrx_word' id='word_1_156' title='bbox 377 1813 489 1875; x_wconf 87' lang='lat' dir='ltr'>biscito</span> <span class='ocrx_word' id='word_1_157' title='bbox 514 1819 771 1895; x_wconf 70' lang='lat' dir='ltr'>postremaque</span> <span class='ocrx_word' id='word_1_158' title='bbox 796 1819 934 1875; x_wconf 90' lang='lat' dir='ltr'>tetares</span> <span class='ocrx_word' id='word_1_159' title='bbox 963 1811 1244 1893; x_wconf 87' lang='lat' dir='ltr'>comprehenditur</span> <span class='ocrx_word' id='word_1_160' title='bbox 1272 1819 1303 1874; x_wconf 89' lang='lat' dir='ltr'>et</span> <span class='ocrx_word' id='word_1_161' title='bbox 1329 1813 1496 1895; x_wconf 86' lang='lat' dir='ltr'>repetitur,</span> <span class='ocrx_word' id='word_1_162' title='bbox 1525 1819 1591 1874; x_wconf 87' lang='lat' dir='ltr'>arte</span> <span class='ocrx_word' id='word_1_163' title='bbox 1614 1830 1688 1873; x_wconf 90' lang='lat' dir='ltr'>cum</span> <span class='ocrx_word' id='word_1_164' title='bbox 1711 1810 1766 1872; x_wconf 92' lang='lat' dir='ltr'>ille</span> <span class='ocrx_word' id='word_1_165' title='bbox 1795 1811 2017 1891; x_wconf 82' lang='lat' dir='ltr'>conjungitur,</span> <span class='ocrx_word' id='word_1_166' title='bbox 2045 1831 2160 1875; x_wconf 87' lang='lat' dir='ltr'>causae</span> 
     </span>
     <span class='ocr_line' id='line_1_14' title="bbox 377 1917 2158 2001; baseline 0.001 -21"><span class='ocrx_word' id='word_1_167' title='bbox 377 1927 469 1981; x_wconf 89' lang='lat' dir='ltr'>antea</span> <span class='ocrx_word' id='word_1_168' title='bbox 493 1918 580 1980; x_wconf 90' lang='lat' dir='ltr'>nulla</span> <span class='ocrx_word' id='word_1_169' title='bbox 595 1918 721 1980; x_wconf 82' lang='lat' dir='ltr'>&#39;mentio</span> <span class='ocrx_word' id='word_1_170' title='bbox 745 1917 827 1979; x_wconf 87' lang='lat' dir='ltr'>faeta</span> <span class='ocrx_word' id='word_1_171' title='bbox 850 1924 906 1981; x_wconf 89' lang='lat' dir='ltr'>est.</span> <span class='ocrx_word' id='word_1_172' title='bbox 952 1917 1025 2001; x_wconf 90' lang='lat' dir='ltr'>lpse</span> <span class='ocrx_word' id='word_1_173' title='bbox 1045 1918 1133 1985; x_wconf 81' lang='lat' dir='ltr'>‚enim</span> <span class='ocrx_word' id='word_1_174' title='bbox 1152 1919 1308 2001; x_wconf 55' lang='lat' dir='ltr'>*cognovit</span> <span class='ocrx_word' id='word_1_175' title='bbox 1329 1918 1376 1998; x_wconf 93' lang='lat' dir='ltr'>id,</span> <span class='ocrx_word' id='word_1_176' title='bbox 1404 1917 1489 2000; x_wconf 91' lang='lat' dir='ltr'>qued</span> <span class='ocrx_word' id='word_1_177' title='bbox 1519 1917 1722 1979; x_wconf 83' lang='lat' dir='ltr'>manifestum</span> <span class='ocrx_word' id='word_1_178' title='bbox 1750 1922 1814 1996; x_wconf 89' lang='lat' dir='ltr'>est,</span> <span class='ocrx_word' id='word_1_179' title='bbox 1842 1917 1869 1978; x_wconf 94' lang='lat' dir='ltr'>si</span> <span class='ocrx_word' id='word_1_180' title='bbox 1893 1924 2029 1999; x_wconf 89' lang='lat' dir='ltr'>constat,</span> <span class='ocrx_word' id='word_1_181' title='bbox 2057 1939 2158 1982; x_wconf 89' lang='lat' dir='ltr'>unum</span> 
     </span>
     <span class='ocr_line' id='line_1_15' title="bbox 377 2023 2158 2107; baseline 0.002 -23"><span class='ocrx_word' id='word_1_182' title='bbox 377 2023 512 2105; x_wconf 87' lang='lat' dir='ltr'>lapidem</span> <span class='ocrx_word' id='word_1_183' title='bbox 537 2043 616 2102; x_wconf 88' lang='lat' dir='ltr'>esse,</span> <span class='ocrx_word' id='word_1_184' title='bbox 640 2024 700 2085; x_wconf 92' lang='lat' dir='ltr'>hoe</span> <span class='ocrx_word' id='word_1_185' title='bbox 719 2043 859 2085; x_wconf 85' lang='lat' dir='ltr'>marmor·</span> <span class='ocrx_word' id='word_1_186' title='bbox 882 2023 919 2085; x_wconf 90' lang='lat' dir='ltr'>ab</span> <span class='ocrx_word' id='word_1_187' title='bbox 937 2023 1057 2087; x_wconf 86' lang='lat' dir='ltr'>Eresiis</span> <span class='ocrx_word' id='word_1_188' title='bbox 1081 2030 1223 2086; x_wconf 86' lang='lat' dir='ltr'>ereetum</span> <span class='ocrx_word' id='word_1_189' title='bbox 1247 2042 1327 2103; x_wconf 90' lang='lat' dir='ltr'>esse,</span> <span class='ocrx_word' id='word_1_190' title='bbox 1350 2026 1403 2087; x_wconf 91' lang='lat' dir='ltr'>cui</span> <span class='ocrx_word' id='word_1_191' title='bbox 1427 2025 1543 2103; x_wconf 91' lang='lat' dir='ltr'>emnia,</span> <span class='ocrx_word' id='word_1_192' title='bbox 1567 2043 1648 2105; x_wconf 89' lang='lat' dir='ltr'>quae</span> <span class='ocrx_word' id='word_1_193' title='bbox 1672 2023 1712 2085; x_wconf 91' lang='lat' dir='ltr'>ad</span> <span class='ocrx_word' id='word_1_194' title='bbox 1735 2028 1888 2103; x_wconf 72' lang='lat' dir='ltr'>tyrannos</span> <span class='ocrx_word' id='word_1_195' title='bbox 1911 2025 2065 2106; x_wconf 90' lang='lat' dir='ltr'>expulsos</span> <span class='ocrx_word' id='word_1_196' title='bbox 2088 2044 2158 2107; x_wconf 92' lang='lat' dir='ltr'>per-</span> 
     </span>
     <span class='ocr_line' id='line_1_16' title="bbox 378 2128 2160 2214; baseline 0.002 -25"><span class='ocrx_word' id='word_1_197' title='bbox 378 2129 520 2192; x_wconf 88' lang='lat' dir='ltr'>tinebant</span> <span class='ocrx_word' id='word_1_198' title='bbox 543 2129 708 2212; x_wconf 89' lang='lat' dir='ltr'>plebiscita</span> <span class='ocrx_word' id='word_1_199' title='bbox 741 2136 773 2193; x_wconf 89' lang='lat' dir='ltr'>et</span> <span class='ocrx_word' id='word_1_200' title='bbox 797 2131 912 2192; x_wconf 88' lang='lat' dir='ltr'>similia</span> <span class='ocrx_word' id='word_1_201' title='bbox 939 2137 1023 2193; x_wconf 86' lang='lat' dir='ltr'>certe</span> <span class='ocrx_word' id='word_1_202' title='bbox 1048 2130 1186 2212; x_wconf 87' lang='lat' dir='ltr'>quedam</span> <span class='ocrx_word' id='word_1_203' title='bbox 1215 2131 1324 2192; x_wconf 86' lang='lat' dir='ltr'>ordine</span> <span class='ocrx_word' id='word_1_204' title='bbox 1348 2130 1556 2194; x_wconf 88' lang='lat' dir='ltr'>inscriberent</span> <span class='ocrx_word' id='word_1_205' title='bbox 1584 2136 1615 2192; x_wconf 86' lang='lat' dir='ltr'>et</span> <span class='ocrx_word' id='word_1_206' title='bbox 1647 2130 1749 2212; x_wconf 88' lang='lat' dir='ltr'>palam</span> <span class='ocrx_word' id='word_1_207' title='bbox 1774 2131 1957 2212; x_wconf 87' lang='lat' dir='ltr'>proferrent.</span> <span class='ocrx_word' id='word_1_208' title='bbox 2004 2128 2052 2193; x_wconf 91' lang='lat' dir='ltr'>De</span> <span class='ocrx_word' id='word_1_209' title='bbox 2076 2134 2160 2214; x_wconf 86' lang='lat' dir='ltr'>Age·</span> 
     </span>
     <span class='ocr_line' id='line_1_17' title="bbox 377 2235 2159 2320; baseline 0.002 -24"><span class='ocrx_word' id='word_1_210' title='bbox 377 2237 463 2318; x_wconf 91' lang='lat' dir='ltr'>nippi</span> <span class='ocrx_word' id='word_1_211' title='bbox 488 2255 584 2298; x_wconf 88' lang='lat' dir='ltr'>causa</span> <span class='ocrx_word' id='word_1_212' title='bbox 603 2237 669 2317; x_wconf 87' lang='lat' dir='ltr'>jam</span> <span class='ocrx_word' id='word_1_213' title='bbox 694 2237 855 2318; x_wconf 82' lang='lat' dir='ltr'>Sauppius</span> <span class='ocrx_word' id='word_1_214' title='bbox 878 2236 963 2299; x_wconf 89' lang='lat' dir='ltr'>idem</span> <span class='ocrx_word' id='word_1_215' title='bbox 988 2237 1170 2318; x_wconf 86' lang='lat' dir='ltr'>suspicatus</span> <span class='ocrx_word' id='word_1_216' title='bbox 1194 2245 1243 2300; x_wconf 91' lang='lat' dir='ltr'>est</span> <span class='ocrx_word' id='word_1_217' title='bbox 1266 2237 1302 2298; x_wconf 87' lang='lat' dir='ltr'>cf.</span> <span class='ocrx_word' id='word_1_218' title='bbox 1327 2237 1345 2298; x_wconf 90' lang='lat' dir='ltr'>l.</span> <span class='ocrx_word' id='word_1_219' title='bbox 1370 2256 1395 2298; x_wconf 94' lang='lat' dir='ltr'>c.</span> <span class='ocrx_word' id='word_1_220' title='bbox 1419 2257 1488 2320; x_wconf 82' lang='lat' dir='ltr'>pag.</span> <span class='ocrx_word' id='word_1_221' title='bbox 1514 2238 1564 2298; x_wconf 86' lang='lat'>23.</span> <span class='ocrx_word' id='word_1_222' title='bbox 1605 2235 1729 2299; x_wconf 83' lang='lat' dir='ltr'>Deinde</span> <span class='ocrx_word' id='word_1_223' title='bbox 1754 2257 1794 2300; x_wconf 89' lang='lat' dir='ltr'>ue</span> <span class='ocrx_word' id='word_1_224' title='bbox 1817 2237 1872 2299; x_wconf 85' lang='lat' dir='ltr'>illa</span> <span class='ocrx_word' id='word_1_225' title='bbox 1896 2238 2025 2319; x_wconf 90' lang='lat' dir='ltr'>quidem</span> <span class='ocrx_word' id='word_1_226' title='bbox 2050 2239 2159 2299; x_wconf 89' lang='lat' dir='ltr'>discri-</span> 
     </span>
     <span class='ocr_line' id='line_1_18' title="bbox 376 2340 2159 2426; baseline 0.001 -23"><span class='ocrx_word' id='word_1_227' title='bbox 376 2343 473 2421; x_wconf 89' lang='lat' dir='ltr'>mina,</span> <span class='ocrx_word' id='word_1_228' title='bbox 496 2362 578 2424; x_wconf 92' lang='lat' dir='ltr'>quac</span> <span class='ocrx_word' id='word_1_229' title='bbox 601 2344 685 2405; x_wconf 86' lang='lat' dir='ltr'>inter</span> <span class='ocrx_word' id='word_1_230' title='bbox 708 2342 788 2404; x_wconf 82' lang='grc'><strong>111111</strong></span> <span class='ocrx_word' id='word_1_231' title='bbox 807 2343 947 2404; x_wconf 86' lang='lat' dir='ltr'>actiones</span> <span class='ocrx_word' id='word_1_232' title='bbox 966 2340 1121 2423; x_wconf 89' lang='lat' dir='ltr'>Droysen.</span> <span class='ocrx_word' id='word_1_233' title='bbox 1145 2345 1288 2426; x_wconf 82' lang='lat' dir='ltr'>pag3ll</span> <span class='ocrx_word' id='word_1_234' title='bbox 1315 2344 1435 2423; x_wconf 75' lang='lat' dir='ltr'>statuit,</span> <span class='ocrx_word' id='word_1_235' title='bbox 1457 2363 1490 2406; x_wconf 90' lang='lat' dir='ltr'>re</span> <span class='ocrx_word' id='word_1_236' title='bbox 1509 2364 1584 2406; x_wconf 83' lang='lat' dir='ltr'>vera</span> <span class='ocrx_word' id='word_1_237' title='bbox 1607 2344 1800 2407; x_wconf 81' lang='lat' dir='ltr'>intercedere</span> <span class='ocrx_word' id='word_1_238' title='bbox 1820 2353 1905 2426; x_wconf 87' lang='lat' dir='ltr'>pute.</span> <span class='ocrx_word' id='word_1_239' title='bbox 1944 2343 2026 2418; x_wconf 82' lang='lat' dir='ltr'>Quid</span> <span class='ocrx_word' id='word_1_240' title='bbox 2051 2346 2159 2406; x_wconf 83' lang='lat' dir='ltr'>euim?</span> 
     </span>
     <span class='ocr_line' id='line_1_19' title="bbox 376 2447 2160 2533; baseline 0.002 -24"><span class='ocrx_word' id='word_1_241' title='bbox 376 2447 436 2510; x_wconf 89' lang='lat' dir='ltr'>Fac</span> <span class='ocrx_word' id='word_1_242' title='bbox 457 2455 492 2510; x_wconf 93' lang='lat' dir='ltr'>ut</span> <span class='ocrx_word' id='word_1_243' title='bbox 511 2448 615 2511; x_wconf 81' lang='lat' dir='ltr'>verbis</span> <span class='ocrx_word' id='word_1_244' title='bbox 634 2448 717 2511; x_wconf 89' lang='lat' dir='ltr'>tituli</span> <span class='ocrx_word' id='word_1_245' title='bbox 736 2448 849 2531; x_wconf 88' lang='lat' dir='ltr'>prieris</span> <span class='ocrx_word' id='word_1_246' title='bbox 869 2467 898 2507; x_wconf 83' lang='grc'>1.</span> <span class='ocrx_word' id='word_1_247' title='bbox 916 2448 956 2508; x_wconf 82' lang='grc'>14</span> <span class='ocrx_word' id='word_1_248' title='bbox 977 2448 1183 2529; x_wconf 61' lang='lat' dir='ltr'>„deincipem</span> <span class='ocrx_word' id='word_1_249' title='bbox 1202 2448 1276 2527; x_wconf 77' lang='grc' dir='ltr'><em>πρὸς</em></span> <span class='ocrx_word' id='word_1_250' title='bbox 1288 2447 1484 2529; x_wconf 71' lang='grc' dir='ltr'><em>Ἀλέξανδρον</em></span> <span class='ocrx_word' id='word_1_251' title='bbox 1502 2451 1724 2529; x_wconf 56' lang='lat' dir='ltr'>narigaldum</span> <span class='ocrx_word' id='word_1_252' title='bbox 1744 2452 1942 2532; x_wconf 87' lang='lat' dir='ltr'>exprimatur</span> <span class='ocrx_word' id='word_1_253' title='bbox 1956 2451 2160 2533; x_wconf 86' lang='lat' dir='ltr'>Agenippum</span> 
     </span>
     <span class='ocr_line' id='line_1_20' title="bbox 375 2553 2160 2638; baseline 0.003 -24"><span class='ocrx_word' id='word_1_254' title='bbox 375 2553 413 2615; x_wconf 88' lang='lat' dir='ltr'>ad</span> <span class='ocrx_word' id='word_1_255' title='bbox 441 2554 662 2617; x_wconf 87' lang='lat' dir='ltr'>Alexandrum</span> <span class='ocrx_word' id='word_1_256' title='bbox 691 2554 855 2637; x_wconf 86' lang='lat' dir='ltr'>effugisse,</span> <span class='ocrx_word' id='word_1_257' title='bbox 888 2555 1060 2618; x_wconf 80' lang='lat' dir='ltr'>verisimile</span> <span class='ocrx_word' id='word_1_258' title='bbox 1089 2562 1150 2637; x_wconf 88' lang='lat' dir='ltr'>est,</span> <span class='ocrx_word' id='word_1_259' title='bbox 1181 2556 1273 2619; x_wconf 91' lang='lat' dir='ltr'>illum</span> <span class='ocrx_word' id='word_1_260' title='bbox 1302 2556 1392 2619; x_wconf 87' lang='lat' dir='ltr'>aliter</span> <span class='ocrx_word' id='word_1_261' title='bbox 1419 2558 1452 2618; x_wconf 90' lang='lat' dir='ltr'>iu</span> <span class='ocrx_word' id='word_1_262' title='bbox 1481 2576 1555 2619; x_wconf 90' lang='lat' dir='ltr'>eum</span> <span class='ocrx_word' id='word_1_263' title='bbox 1585 2558 1861 2634; x_wconf 85' lang='lat' dir='ltr'>animadvertisse,</span> <span class='ocrx_word' id='word_1_264' title='bbox 1894 2564 1988 2638; x_wconf 83' lang='lat' dir='ltr'>atque</span> <span class='ocrx_word' id='word_1_265' title='bbox 2021 2559 2054 2618; x_wconf 92' lang='lat' dir='ltr'>in</span> <span class='ocrx_word' id='word_1_266' title='bbox 2083 2557 2160 2620; x_wconf 87' lang='lat' dir='ltr'>alies</span> 
     </span>
     <span class='ocr_line' id='line_1_21' title="bbox 375 2661 2162 2744; baseline 0.001 -24"><span class='ocrx_word' id='word_1_267' title='bbox 375 2672 541 2740; x_wconf 68' lang='lat' dir='ltr'>tyrannOS,</span> <span class='ocrx_word' id='word_1_268' title='bbox 573 2662 611 2725; x_wconf 82' lang='lat' dir='ltr'>de</span> <span class='ocrx_word' id='word_1_269' title='bbox 635 2661 754 2744; x_wconf 84' lang='lat' dir='ltr'>quibus</span> <span class='ocrx_word' id='word_1_270' title='bbox 778 2663 936 2725; x_wconf 75' lang='lat' dir='ltr'>Arrianus</span> <span class='ocrx_word' id='word_1_271' title='bbox 959 2661 1017 2741; x_wconf 88' lang='lat' dir='ltr'>Ill,</span> <span class='ocrx_word' id='word_1_272' title='bbox 1042 2665 1072 2742; x_wconf 80' lang='lat'>2,</span> <span class='ocrx_word' id='word_1_273' title='bbox 1097 2663 1113 2723; x_wconf 83' lang='lat'><strong>7</strong></span> <span class='ocrx_word' id='word_1_274' title='bbox 1138 2664 1244 2725; x_wconf 84' lang='lat' dir='ltr'>tradit:</span> <span class='ocrx_word' id='word_1_275' title='bbox 1281 2662 1493 2743; x_wconf 61' lang='lat' dir='ltr'>„Mariam</span> <span class='ocrx_word' id='word_1_276' title='bbox 1520 2663 1549 2722; x_wconf 79' lang='grc' dir='ltr'>δὲ</span> <span class='ocrx_word' id='word_1_277' title='bbox 1579 2663 1648 2730; x_wconf 81' lang='grc' dir='ltr'><em>τοὺς</em></span> <span class='ocrx_word' id='word_1_278' title='bbox 1672 2663 1838 2742; x_wconf 73' lang='grc' dir='ltr'><em>τυράννους</em></span> <span class='ocrx_word' id='word_1_279' title='bbox 1864 2666 1924 2743; x_wconf 76' lang='grc' dir='ltr'>μὲν</span> <span class='ocrx_word' id='word_1_280' title='bbox 1952 2661 2020 2729; x_wconf 77' lang='grc' dir='ltr'>τοὺς</span> <span class='ocrx_word' id='word_1_281' title='bbox 2048 2670 2081 2722; x_wconf 76' lang='grc' dir='ltr'>ἐκ</span> <span class='ocrx_word' id='word_1_282' title='bbox 2105 2668 2162 2722; x_wconf 79' lang='grc' dir='ltr'>τῶν</span> 
     </span>
     <span class='ocr_line' id='line_1_22' title="bbox 376 2764 2161 2852; baseline 0.005 -29"><span class='ocrx_word' id='word_1_283' title='bbox 376 2764 491 2825; x_wconf 61' lang='lat' dir='ltr'>adicem</span> <span class='ocrx_word' id='word_1_284' title='bbox 510 2772 538 2832; x_wconf 77' lang='grc' dir='ltr'>ἐς</span> <span class='ocrx_word' id='word_1_285' title='bbox 557 2766 613 2833; x_wconf 79' lang='grc' dir='ltr'>τὰς</span> <span class='ocrx_word' id='word_1_286' title='bbox 632 2767 730 2834; x_wconf 68' lang='grc' dir='ltr'><em>πόλεις</em></span> <span class='ocrx_word' id='word_1_287' title='bbox 749 2772 860 2848; x_wconf 71' lang='grc' dir='ltr'><em>πέμπει</em></span> <span class='ocrx_word' id='word_1_288' title='bbox 879 2767 1121 2847; x_wconf 71' lang='grc' dir='ltr'><em>χρήσασθαι,</em></span> <span class='ocrx_word' id='word_1_289' title='bbox 1145 2766 1238 2834; x_wconf 81' lang='grc' dir='ltr'><em>ὅπως</em></span> <span class='ocrx_word' id='word_1_290' title='bbox 1261 2775 1274 2829; x_wconf 73' lang='grc'>1</span> <span class='ocrx_word' id='word_1_291' title='bbox 1281 2770 1468 2830; x_wconf 71' lang='grc' dir='ltr'><strong>191’λοιεν’ἓ“</strong></span> <span class='ocrx_word' id='word_1_292' title='bbox 1507 2769 1595 2832; x_wconf 86' lang='lat' dir='ltr'>Haec</span> <span class='ocrx_word' id='word_1_293' title='bbox 1614 2771 1711 2852; x_wconf 84' lang='lat' dir='ltr'>igitur</span> <span class='ocrx_word' id='word_1_294' title='bbox 1729 2771 1809 2831; x_wconf 82' lang='lat' dir='ltr'>actio</span> <span class='ocrx_word' id='word_1_295' title='bbox 1831 2790 1894 2831; x_wconf 90' lang='lat' dir='ltr'>nen</span> <span class='ocrx_word' id='word_1_296' title='bbox 1914 2771 2022 2832; x_wconf 85' lang='lat' dir='ltr'>minus</span> <span class='ocrx_word' id='word_1_297' title='bbox 2040 2771 2161 2832; x_wconf 79' lang='lat' dir='ltr'>intentu</span> 
     </span>
     <span class='ocr_line' id='line_1_23' title="bbox 376 2856 2161 2966; baseline 0.004 -36"><span class='ocrx_word' id='word_1_298' title='bbox 376 2877 436 2934; x_wconf 83' lang='lat' dir='ltr'>est:</span> <span class='ocrx_word' id='word_1_299' title='bbox 462 2872 562 2966; x_wconf 59' lang='grc' dir='ltr'><strong>,111τά</strong></span> <span class='ocrx_word' id='word_1_300' title='bbox 588 2856 646 2933; x_wconf 73' lang='grc' dir='ltr'>τᾶν</span> <span class='ocrx_word' id='word_1_301' title='bbox 668 2872 848 2954; x_wconf 55' lang='grc' dir='ltr'><em>ὃιαγραᾳὰν</em></span> <span class='ocrx_word' id='word_1_302' title='bbox 867 2879 906 2932; x_wconf 86' lang='grc' dir='ltr'>τῶ</span> <span class='ocrx_word' id='word_1_303' title='bbox 923 2877 1096 2954; x_wconf 58' lang='grc'><strong>1111111111*</strong></span> <span class='ocrx_word' id='word_1_304' title='bbox 1136 2873 1229 2950; x_wconf 79' lang='lat' dir='ltr'>Quod</span> <span class='ocrx_word' id='word_1_305' title='bbox 1253 2882 1359 2938; x_wconf 86' lang='lat' dir='ltr'>autem</span> <span class='ocrx_word' id='word_1_306' title='bbox 1383 2875 1532 2958; x_wconf 86' lang='lat' dir='ltr'>disputat,</span> <span class='ocrx_word' id='word_1_307' title='bbox 1555 2877 1593 2938; x_wconf 90' lang='lat' dir='ltr'>de</span> <span class='ocrx_word' id='word_1_308' title='bbox 1617 2877 1750 2939; x_wconf 90' lang='lat' dir='ltr'>exulum</span> <span class='ocrx_word' id='word_1_309' title='bbox 1774 2877 1878 2939; x_wconf 88' lang='lat' dir='ltr'>reditu</span> <span class='ocrx_word' id='word_1_310' title='bbox 1898 2877 2010 2938; x_wconf 89' lang='lat' dir='ltr'>litteris</span> <span class='ocrx_word' id='word_1_311' title='bbox 2034 2877 2074 2938; x_wconf 87' lang='lat' dir='ltr'>ad</span> <span class='ocrx_word' id='word_1_312' title='bbox 2098 2878 2161 2938; x_wconf 91' lang='lat' dir='ltr'>sin·</span> 
     </span>
     <span class='ocr_line' id='line_1_24' title="bbox 375 2965 2160 3064; baseline 0.003 -26"><span class='ocrx_word' id='word_1_313' title='bbox 375 2977 468 3059; x_wconf 88' lang='lat' dir='ltr'>gulas</span> <span class='ocrx_word' id='word_1_314' title='bbox 497 2965 592 3042; x_wconf 80' lang='lat' dir='ltr'>urbes</span> <span class='ocrx_word' id='word_1_315' title='bbox 620 2982 727 3044; x_wconf 86' lang='lat' dir='ltr'>missis</span> <span class='ocrx_word' id='word_1_316' title='bbox 756 3000 837 3063; x_wconf 86' lang='lat' dir='ltr'>epus</span> <span class='ocrx_word' id='word_1_317' title='bbox 865 2980 980 3060; x_wconf 88' lang='lat' dir='ltr'>fuisse,</span> <span class='ocrx_word' id='word_1_318' title='bbox 1008 2980 1148 3044; x_wconf 87' lang='lat' dir='ltr'>edictum</span> <span class='ocrx_word' id='word_1_319' title='bbox 1176 2981 1353 3044; x_wconf 81' lang='lat' dir='ltr'>Alexandri</span> <span class='ocrx_word' id='word_1_320' title='bbox 1384 2983 1468 3064; x_wconf 91' lang='lat' dir='ltr'>qued</span> <span class='ocrx_word' id='word_1_321' title='bbox 1497 2982 1655 3045; x_wconf 88' lang='lat' dir='ltr'>Diodorus</span> <span class='ocrx_word' id='word_1_322' title='bbox 1683 2982 1814 3063; x_wconf 89' lang='lat' dir='ltr'>XVlll,</span> <span class='ocrx_word' id='word_1_323' title='bbox 1843 2986 1862 3044; x_wconf 87' lang='lat'>8</span> <span class='ocrx_word' id='word_1_324' title='bbox 1893 2982 1930 3044; x_wconf 88' lang='lat' dir='ltr'>ci.</span> <span class='ocrx_word' id='word_1_325' title='bbox 1954 2982 2067 3061; x_wconf 85' lang='lat' dir='ltr'>XVII,</span> <span class='ocrx_word' id='word_1_326' title='bbox 2098 2984 2160 3044; x_wconf 83' lang='lat'>109</span> 
     </span>
     <span class='ocr_line' id='line_1_25' title="bbox 376 3082 2160 3172; baseline 0.003 -26"><span class='ocrx_word' id='word_1_327' title='bbox 376 3082 506 3147; x_wconf 83' lang='lat' dir='ltr'>Curtius</span> <span class='ocrx_word' id='word_1_328' title='bbox 525 3085 566 3153; x_wconf 78' lang='lat' dir='ltr'>X.</span> <span class='ocrx_word' id='word_1_329' title='bbox 591 3088 621 3165; x_wconf 83' lang='lat'>2,</span> <span class='ocrx_word' id='word_1_330' title='bbox 643 3085 794 3149; x_wconf 80' lang='lat' dir='ltr'>lustinus</span> <span class='ocrx_word' id='word_1_331' title='bbox 813 3085 908 3167; x_wconf 89' lang='lat' dir='ltr'>Xlll,</span> <span class='ocrx_word' id='word_1_332' title='bbox 931 3089 949 3147; x_wconf 83' lang='lat'>5</span> <span class='ocrx_word' id='word_1_333' title='bbox 974 3088 1145 3150; x_wconf 89' lang='lat' dir='ltr'>memoriae</span> <span class='ocrx_word' id='word_1_334' title='bbox 1168 3088 1373 3166; x_wconf 88' lang='lat' dir='ltr'>tradiderunt,</span> <span class='ocrx_word' id='word_1_335' title='bbox 1396 3095 1460 3149; x_wconf 88' lang='lat' dir='ltr'>tam</span> <span class='ocrx_word' id='word_1_336' title='bbox 1482 3108 1540 3170; x_wconf 88' lang='lat' dir='ltr'>per</span> <span class='ocrx_word' id='word_1_337' title='bbox 1562 3109 1596 3151; x_wconf 87' lang='lat' dir='ltr'>se</span> <span class='ocrx_word' id='word_1_338' title='bbox 1620 3091 1815 3172; x_wconf 89' lang='lat' dir='ltr'>explicatum</span> <span class='ocrx_word' id='word_1_339' title='bbox 1840 3096 1916 3167; x_wconf 87' lang='lat' dir='ltr'>erat,</span> <span class='ocrx_word' id='word_1_340' title='bbox 1945 3096 1981 3151; x_wconf 90' lang='grc'>111</span> <span class='ocrx_word' id='word_1_341' title='bbox 2005 3089 2160 3167; x_wconf 87' lang='lat' dir='ltr'>mandata,</span> 
     </span>
     <span class='ocr_line' id='line_1_26' title="bbox 376 3191 2160 3275; baseline 0.003 -23"><span class='ocrx_word' id='word_1_342' title='bbox 376 3191 535 3272; x_wconf 89' lang='lat' dir='ltr'>quomode</span> <span class='ocrx_word' id='word_1_343' title='bbox 559 3192 750 3273; x_wconf 82' lang='lat' dir='ltr'>efficeretur,</span> <span class='ocrx_word' id='word_1_344' title='bbox 773 3191 936 3274; x_wconf 88' lang='lat' dir='ltr'>superflua</span> <span class='ocrx_word' id='word_1_345' title='bbox 958 3200 1072 3256; x_wconf 88' lang='lat' dir='ltr'>essent.</span> <span class='ocrx_word' id='word_1_346' title='bbox 1118 3194 1259 3271; x_wconf 86' lang='lat' dir='ltr'>Accedit,</span> <span class='ocrx_word' id='word_1_347' title='bbox 1283 3194 1370 3275; x_wconf 91' lang='lat' dir='ltr'>qued</span> <span class='ocrx_word' id='word_1_348' title='bbox 1394 3213 1490 3255; x_wconf 83' lang='lat' dir='ltr'>earrsa</span> <span class='ocrx_word' id='word_1_349' title='bbox 1514 3214 1577 3256; x_wconf 91' lang='lat' dir='ltr'>nen</span> <span class='ocrx_word' id='word_1_350' title='bbox 1601 3204 1680 3275; x_wconf 86' lang='lat' dir='ltr'>erat,</span> <span class='ocrx_word' id='word_1_351' title='bbox 1704 3216 1762 3258; x_wconf 93' lang='lat' dir='ltr'>cur</span> <span class='ocrx_word' id='word_1_352' title='bbox 1784 3195 1886 3257; x_wconf 83' lang='lat' dir='ltr'>Eresii</span> <span class='ocrx_word' id='word_1_353' title='bbox 1911 3215 1951 3258; x_wconf 88' lang='lat' dir='ltr'>ex</span> <span class='ocrx_word' id='word_1_354' title='bbox 1975 3196 2035 3258; x_wconf 92' lang='lat' dir='ltr'>hec</span> <span class='ocrx_word' id='word_1_355' title='bbox 2059 3196 2160 3259; x_wconf 91' lang='lat' dir='ltr'>edicte</span> 
     </span>
     <span class='ocr_line' id='line_1_27' title="bbox 376 3298 2162 3384; baseline 0.003 -26"><span class='ocrx_word' id='word_1_356' title='bbox 376 3317 491 3359; x_wconf 84' lang='lat' dir='ltr'>nevam</span> <span class='ocrx_word' id='word_1_357' title='bbox 516 3298 553 3361; x_wconf 88' lang='lat' dir='ltr'>de</span> <span class='ocrx_word' id='word_1_358' title='bbox 570 3300 745 3381; x_wconf 81' lang='lat' dir='ltr'>Aganippe</span> <span class='ocrx_word' id='word_1_359' title='bbox 770 3300 925 3361; x_wconf 87' lang='lat' dir='ltr'>actionem</span> <span class='ocrx_word' id='word_1_360' title='bbox 948 3299 1165 3380; x_wconf 87' lang='lat' dir='ltr'>instituerent,</span> <span class='ocrx_word' id='word_1_361' title='bbox 1193 3319 1266 3362; x_wconf 90' lang='lat' dir='ltr'>nam</span> <span class='ocrx_word' id='word_1_362' title='bbox 1291 3307 1383 3362; x_wconf 88' lang='lat' dir='ltr'>antea</span> <span class='ocrx_word' id='word_1_363' title='bbox 1406 3299 1525 3378; x_wconf 70' lang='lat' dir='ltr'>cecilia,</span> <span class='ocrx_word' id='word_1_364' title='bbox 1552 3301 1684 3364; x_wconf 88' lang='lat' dir='ltr'>alierum</span> <span class='ocrx_word' id='word_1_365' title='bbox 1710 3302 1878 3363; x_wconf 90' lang='lat' dir='ltr'>criminum</span> <span class='ocrx_word' id='word_1_366' title='bbox 1904 3304 2082 3382; x_wconf 76' lang='lat' dir='ltr'>convictae,</span> <span class='ocrx_word' id='word_1_367' title='bbox 2106 3322 2162 3384; x_wconf 91' lang='lat' dir='ltr'>per</span> 
     </span>
     <span class='ocr_line' id='line_1_28' title="bbox 376 3387 2160 3488; baseline 0.003 -23"><span class='ocrx_word' id='word_1_368' title='bbox 376 3423 409 3465; x_wconf 90' lang='lat' dir='ltr'>se</span> <span class='ocrx_word' id='word_1_369' title='bbox 438 3406 470 3466; x_wconf 96' lang='lat' dir='ltr'>in</span> <span class='ocrx_word' id='word_1_370' title='bbox 499 3423 633 3467; x_wconf 89' lang='lat' dir='ltr'>numero</span> <span class='ocrx_word' id='word_1_371' title='bbox 663 3425 775 3467; x_wconf 90' lang='lat' dir='ltr'>oerum</span> <span class='ocrx_word' id='word_1_372' title='bbox 803 3412 881 3481; x_wconf 90' lang='lat' dir='ltr'>crat,</span> <span class='ocrx_word' id='word_1_373' title='bbox 914 3405 1031 3487; x_wconf 87' lang='lat' dir='ltr'>quibus</span> <span class='ocrx_word' id='word_1_374' title='bbox 1060 3404 1180 3467; x_wconf 89' lang='lat' dir='ltr'>reditus</span> <span class='ocrx_word' id='word_1_375' title='bbox 1204 3424 1244 3467; x_wconf 89' lang='lat' dir='ltr'>ex</span> <span class='ocrx_word' id='word_1_376' title='bbox 1268 3407 1337 3488; x_wconf 88' lang='lat' dir='ltr'>ipso</span> <span class='ocrx_word' id='word_1_377' title='bbox 1362 3387 1464 3468; x_wconf 85' lang='lat' dir='ltr'>edicto</span> <span class='ocrx_word' id='word_1_378' title='bbox 1495 3425 1559 3468; x_wconf 90' lang='lat' dir='ltr'>nen</span> <span class='ocrx_word' id='word_1_379' title='bbox 1590 3407 1823 3470; x_wconf 90' lang='lat' dir='ltr'>concedebatur</span> <span class='ocrx_word' id='word_1_380' title='bbox 1850 3408 1887 3472; x_wconf 87' lang='lat' dir='ltr'>ci.</span> <span class='ocrx_word' id='word_1_381' title='bbox 1912 3408 2008 3471; x_wconf 86' lang='lat' dir='ltr'>verba</span> <span class='ocrx_word' id='word_1_382' title='bbox 2030 3407 2160 3471; x_wconf 88' lang='lat' dir='ltr'>Diodori</span> 
     </span>
     <span class='ocr_line' id='line_1_29' title="bbox 375 3509 2160 3597; baseline 0.003 -25"><span class='ocrx_word' id='word_1_383' title='bbox 375 3511 394 3572; x_wconf 92' lang='lat' dir='ltr'>l.</span> <span class='ocrx_word' id='word_1_384' title='bbox 428 3532 453 3574; x_wconf 88' lang='lat' dir='ltr'>c.</span> <span class='ocrx_word' id='word_1_385' title='bbox 486 3510 585 3584; x_wconf 64' lang='lat' dir='ltr'>„alric</span> <span class='ocrx_word' id='word_1_386' title='bbox 612 3516 667 3570; x_wconf 80' lang='grc' dir='ltr'>τῶν</span> <span class='ocrx_word' id='word_1_387' title='bbox 695 3515 808 3588; x_wconf 67' lang='grc' dir='ltr'><em>ἐναγῶν</em></span> <span class='ocrx_word' id='word_1_388' title='bbox 834 3521 865 3573; x_wconf 91' lang='lat' dir='ltr'>et</span> <span class='ocrx_word' id='word_1_389' title='bbox 892 3509 971 3583; x_wconf 74' lang='grc' dir='ltr'>πλὴν</span> <span class='ocrx_word' id='word_1_390' title='bbox 994 3513 1049 3569; x_wconf 79' lang='grc' dir='ltr'>τῶν</span> <span class='ocrx_word' id='word_1_391' title='bbox 1071 3510 1235 3590; x_wconf 77' lang='grc' dir='ltr'><em>ἱεροσύλων</em></span> <span class='ocrx_word' id='word_1_392' title='bbox 1261 3510 1316 3570; x_wconf 83' lang='grc' dir='ltr'>καὶ</span> <span class='ocrx_word' id='word_1_393' title='bbox 1338 3515 1485 3588; x_wconf 56' lang='lat' dir='ltr'>eevs&#39;mv‘ss</span> <span class='ocrx_word' id='word_1_394' title='bbox 1515 3512 1660 3576; x_wconf 81' lang='lat' dir='ltr'>Curtium</span> <span class='ocrx_word' id='word_1_395' title='bbox 1685 3514 1704 3575; x_wconf 90' lang='lat' dir='ltr'>l.</span> <span class='ocrx_word' id='word_1_396' title='bbox 1728 3534 1763 3594; x_wconf 79' lang='lat' dir='ltr'>c,</span> <span class='ocrx_word' id='word_1_397' title='bbox 1792 3517 1873 3597; x_wconf 89' lang='lat' dir='ltr'>„qui</span> <span class='ocrx_word' id='word_1_398' title='bbox 1896 3515 1980 3576; x_wconf 82' lang='lat' dir='ltr'>civili</span> <span class='ocrx_word' id='word_1_399' title='bbox 2005 3517 2160 3597; x_wconf 77' lang='lat' dir='ltr'>sanguine</span> 
     </span>
     <span class='ocr_line' id='line_1_30' title="bbox 375 3615 2159 3703; baseline 0.001 -22"><span class='ocrx_word' id='word_1_400' title='bbox 375 3620 496 3700; x_wconf 86' lang='lat' dir='ltr'>aspersi</span> <span class='ocrx_word' id='word_1_401' title='bbox 520 3620 633 3696; x_wconf 83' lang='lat' dir='ltr'>erant,“</span> <span class='ocrx_word' id='word_1_402' title='bbox 657 3615 774 3679; x_wconf 81' lang='lat' dir='ltr'>lustin.</span> <span class='ocrx_word' id='word_1_403' title='bbox 799 3616 817 3681; x_wconf 90' lang='lat' dir='ltr'>l.</span> <span class='ocrx_word' id='word_1_404' title='bbox 842 3636 866 3678; x_wconf 93' lang='lat' dir='ltr'>e.</span> <span class='ocrx_word' id='word_1_405' title='bbox 891 3622 1030 3698; x_wconf 89' lang='lat' dir='ltr'>„praeter</span> <span class='ocrx_word' id='word_1_406' title='bbox 1053 3619 1158 3680; x_wconf 87' lang='lat' dir='ltr'>caedis</span> <span class='ocrx_word' id='word_1_407' title='bbox 1182 3617 1375 3680; x_wconf 84' lang='lat' dir='ltr'>damnatos“</span> <span class='ocrx_word' id='word_1_408' title='bbox 1413 3618 1561 3701; x_wconf 88' lang='lat' dir='ltr'>Denique</span> <span class='ocrx_word' id='word_1_409' title='bbox 1581 3621 1653 3700; x_wconf 87' lang='lat' dir='ltr'>jure</span> <span class='ocrx_word' id='word_1_410' title='bbox 1677 3621 1919 3703; x_wconf 77' lang='lat' dir='ltr'>interrogamus,</span> <span class='ocrx_word' id='word_1_411' title='bbox 1943 3641 2006 3703; x_wconf 90' lang='lat' dir='ltr'>qua</span> <span class='ocrx_word' id='word_1_412' title='bbox 2031 3641 2063 3683; x_wconf 91' lang='lat' dir='ltr'>re</span> <span class='ocrx_word' id='word_1_413' title='bbox 2088 3640 2159 3684; x_wconf 89' lang='lat' dir='ltr'>cen-</span> 
     </span>
     <span class='ocr_line' id='line_1_31' title="bbox 376 3723 2159 3810; baseline 0 -23"><span class='ocrx_word' id='word_1_414' title='bbox 376 3744 513 3803; x_wconf 76' lang='grc'><strong>1111111111,</strong></span> <span class='ocrx_word' id='word_1_415' title='bbox 533 3723 690 3804; x_wconf 89' lang='lat' dir='ltr'>judicium</span> <span class='ocrx_word' id='word_1_416' title='bbox 716 3723 753 3785; x_wconf 91' lang='lat' dir='ltr'>de</span> <span class='ocrx_word' id='word_1_417' title='bbox 772 3724 940 3806; x_wconf 86' lang='lat' dir='ltr'>Agenippo</span> <span class='ocrx_word' id='word_1_418' title='bbox 964 3741 1047 3785; x_wconf 93' lang='lat' dir='ltr'>anne</span> <span class='ocrx_word' id='word_1_419' title='bbox 1071 3724 1230 3785; x_wconf 88' lang='lat' dir='ltr'>tricesimo</span> <span class='ocrx_word' id='word_1_420' title='bbox 1254 3724 1350 3786; x_wconf 88' lang='lat' dir='ltr'>altere</span> <span class='ocrx_word' id='word_1_421' title='bbox 1374 3726 1490 3789; x_wconf 87' lang='lat' dir='ltr'>factum</span> <span class='ocrx_word' id='word_1_422' title='bbox 1518 3747 1621 3809; x_wconf 87' lang='lat' dir='ltr'>usque</span> <span class='ocrx_word' id='word_1_423' title='bbox 1644 3728 1683 3789; x_wconf 91' lang='lat' dir='ltr'>ad</span> <span class='ocrx_word' id='word_1_424' title='bbox 1706 3728 1739 3789; x_wconf 92' lang='lat' dir='ltr'>id</span> <span class='ocrx_word' id='word_1_425' title='bbox 1763 3734 1889 3810; x_wconf 86' lang='lat' dir='ltr'>tempus</span> <span class='ocrx_word' id='word_1_426' title='bbox 1914 3728 2046 3790; x_wconf 91' lang='lat' dir='ltr'>dilatum</span> <span class='ocrx_word' id='word_1_427' title='bbox 2069 3727 2159 3790; x_wconf 84' lang='lat' dir='ltr'>esse?</span> 
     </span>
     <span class='ocr_line' id='line_1_32' title="bbox 375 3827 2157 3915; baseline 0.002 -22"><span class='ocrx_word' id='word_1_428' title='bbox 375 3831 484 3893; x_wconf 87' lang='lat' dir='ltr'>Altera</span> <span class='ocrx_word' id='word_1_429' title='bbox 507 3831 605 3912; x_wconf 88' lang='lat' dir='ltr'>igitur</span> <span class='ocrx_word' id='word_1_430' title='bbox 628 3831 750 3891; x_wconf 87' lang='lat' dir='ltr'>actione</span> <span class='ocrx_word' id='word_1_431' title='bbox 773 3830 817 3890; x_wconf 91' lang='lat' dir='ltr'>ita</span> <span class='ocrx_word' id='word_1_432' title='bbox 840 3835 966 3911; x_wconf 86' lang='lat' dir='ltr'>sumpta</span> <span class='ocrx_word' id='word_1_433' title='bbox 991 3829 1035 3890; x_wconf 92' lang='lat' dir='ltr'>nil</span> <span class='ocrx_word' id='word_1_434' title='bbox 1056 3827 1228 3910; x_wconf 86' lang='lat' dir='ltr'>preficitur.</span> <span class='ocrx_word' id='word_1_435' title='bbox 1274 3829 1389 3893; x_wconf 85' lang='lat' dir='ltr'>Contra</span> <span class='ocrx_word' id='word_1_436' title='bbox 1412 3834 1519 3894; x_wconf 88' lang='lat' dir='ltr'>omnia</span> <span class='ocrx_word' id='word_1_437' title='bbox 1543 3832 1621 3895; x_wconf 88' lang='lat' dir='ltr'>bene</span> <span class='ocrx_word' id='word_1_438' title='bbox 1645 3833 1846 3915; x_wconf 89' lang='lat' dir='ltr'>quadrarent,</span> <span class='ocrx_word' id='word_1_439' title='bbox 1871 3835 1897 3896; x_wconf 88' lang='lat' dir='ltr'>si</span> <span class='ocrx_word' id='word_1_440' title='bbox 1922 3835 1955 3896; x_wconf 91' lang='lat' dir='ltr'>in</span> <span class='ocrx_word' id='word_1_441' title='bbox 1980 3835 2040 3895; x_wconf 87' lang='lat' dir='ltr'>hec</span> <span class='ocrx_word' id='word_1_442' title='bbox 2064 3835 2157 3896; x_wconf 92' lang='lat' dir='ltr'>titulo</span> 
     </span>
     <span class='ocr_line' id='line_1_33' title="bbox 375 3934 2159 4023; baseline 0.003 -24"><span class='ocrx_word' id='word_1_443' title='bbox 375 3956 472 3999; x_wconf 86' lang='lat' dir='ltr'>causa</span> <span class='ocrx_word' id='word_1_444' title='bbox 495 3936 624 3999; x_wconf 86' lang='lat' dir='ltr'>alterius</span> <span class='ocrx_word' id='word_1_445' title='bbox 646 3936 774 4014; x_wconf 80' lang='lat' dir='ltr'>tyranni</span> <span class='ocrx_word' id='word_1_446' title='bbox 797 3936 969 4017; x_wconf 88' lang='lat' dir='ltr'>perscripta</span> <span class='ocrx_word' id='word_1_447' title='bbox 992 3941 1087 4014; x_wconf 88' lang='lat' dir='ltr'>esset,</span> <span class='ocrx_word' id='word_1_448' title='bbox 1117 3954 1213 4016; x_wconf 87' lang='lat' dir='ltr'>quarn</span> <span class='ocrx_word' id='word_1_449' title='bbox 1237 3934 1453 3999; x_wconf 86' lang='lat' dir='ltr'>Kirehlroifius</span> <span class='ocrx_word' id='word_1_450' title='bbox 1483 3957 1612 4020; x_wconf 90' lang='lat' dir='ltr'>queque</span> <span class='ocrx_word' id='word_1_451' title='bbox 1636 3939 1719 4021; x_wconf 89' lang='lat' dir='ltr'>apud</span> <span class='ocrx_word' id='word_1_452' title='bbox 1743 3937 1898 4020; x_wconf 82' lang='lat' dir='ltr'>Droysen.</span> <span class='ocrx_word' id='word_1_453' title='bbox 1922 3961 1991 4023; x_wconf 83' lang='lat' dir='ltr'>pag.</span> <span class='ocrx_word' id='word_1_454' title='bbox 2018 3941 2081 4002; x_wconf 83' lang='grc'>369</span> <span class='ocrx_word' id='word_1_455' title='bbox 2111 3961 2159 4005; x_wconf 89' lang='lat' dir='ltr'>re·</span> 
     </span>
     <span class='ocr_line' id='line_1_34' title="bbox 376 4041 2158 4130; baseline 0.001 -24"><span class='ocrx_word' id='word_1_456' title='bbox 376 4044 523 4124; x_wconf 84' lang='lat' dir='ltr'>quisivit,</span> <span class='ocrx_word' id='word_1_457' title='bbox 555 4049 586 4105; x_wconf 89' lang='lat' dir='ltr'>et</span> <span class='ocrx_word' id='word_1_458' title='bbox 617 4043 749 4124; x_wconf 83' lang='lat' dir='ltr'>positam</span> <span class='ocrx_word' id='word_1_459' title='bbox 782 4041 883 4103; x_wconf 91' lang='lat' dir='ltr'>fuisse</span> <span class='ocrx_word' id='word_1_460' title='bbox 915 4043 1096 4122; x_wconf 81' lang='lat' dir='ltr'>suspicatus</span> <span class='ocrx_word' id='word_1_461' title='bbox 1129 4048 1178 4104; x_wconf 89' lang='lat' dir='ltr'>est</span> <span class='ocrx_word' id='word_1_462' title='bbox 1209 4043 1242 4104; x_wconf 87' lang='lat' dir='ltr'>in</span> <span class='ocrx_word' id='word_1_463' title='bbox 1271 4042 1367 4105; x_wconf 85' lang='lat' dir='ltr'>latere</span> <span class='ocrx_word' id='word_1_464' title='bbox 1400 4046 1504 4106; x_wconf 90' lang='lat' dir='ltr'>antico</span> <span class='ocrx_word' id='word_1_465' title='bbox 1532 4050 1604 4107; x_wconf 88' lang='lat' dir='ltr'>ante</span> <span class='ocrx_word' id='word_1_466' title='bbox 1637 4045 1766 4108; x_wconf 89' lang='lat' dir='ltr'>titulum</span> <span class='ocrx_word' id='word_1_467' title='bbox 1800 4046 1838 4108; x_wconf 93' lang='lat' dir='ltr'>de</span> <span class='ocrx_word' id='word_1_468' title='bbox 1872 4066 1968 4109; x_wconf 73' lang='lat' dir='ltr'>carisa</span> <span class='ocrx_word' id='word_1_469' title='bbox 1990 4049 2158 4130; x_wconf 85' lang='lat' dir='ltr'>Agenippi.</span> 
     </span>
     <span class='ocr_line' id='line_1_35' title="bbox 375 4146 1931 4233; baseline 0.001 -22"><span class='ocrx_word' id='word_1_470' title='bbox 375 4149 500 4231; x_wconf 83' lang='lat' dir='ltr'>Singuli</span> <span class='ocrx_word' id='word_1_471' title='bbox 524 4151 609 4211; x_wconf 87' lang='lat' dir='ltr'>enim</span> <span class='ocrx_word' id='word_1_472' title='bbox 637 4148 720 4211; x_wconf 89' lang='lat' dir='ltr'>tituli</span> <span class='ocrx_word' id='word_1_473' title='bbox 745 4167 785 4211; x_wconf 91' lang='lat' dir='ltr'>ex</span> <span class='ocrx_word' id='word_1_474' title='bbox 809 4146 924 4227; x_wconf 82' lang='grc'><strong>11111111,</strong></span> <span class='ocrx_word' id='word_1_475' title='bbox 948 4168 1043 4229; x_wconf 89' lang='lat' dir='ltr'>quam</span> <span class='ocrx_word' id='word_1_476' title='bbox 1068 4147 1285 4210; x_wconf 88' lang='lat' dir='ltr'>Kirchhoffius</span> <span class='ocrx_word' id='word_1_477' title='bbox 1308 4149 1328 4210; x_wconf 93' lang='lat' dir='ltr'>l.</span> <span class='ocrx_word' id='word_1_478' title='bbox 1352 4169 1377 4210; x_wconf 93' lang='lat' dir='ltr'>e.</span> <span class='ocrx_word' id='word_1_479' title='bbox 1402 4151 1540 4232; x_wconf 89' lang='lat' dir='ltr'>apponit,</span> <span class='ocrx_word' id='word_1_480' title='bbox 1561 4152 1605 4214; x_wconf 87' lang='grc'>111</span> <span class='ocrx_word' id='word_1_481' title='bbox 1629 4171 1698 4214; x_wconf 86' lang='lat' dir='ltr'>sese</span> <span class='ocrx_word' id='word_1_482' title='bbox 1722 4159 1931 4233; x_wconf 88' lang='lat' dir='ltr'>exceperunt:</span> 
     </span>
    </p>
   </div>
   <div class='ocr_carea' id='block_1_3' title="bbox 376 4681 2158 5299">
    <p class='ocr_par' dir='ltr' id='par_1_3' title="bbox 376 4681 2158 5299">
     <span class='ocr_line' id='line_1_36' title="bbox 483 4681 2158 4764; baseline 0.002 -19"><span class='ocrx_word' id='word_1_483' title='bbox 483 4683 521 4745; x_wconf 92' lang='lat' dir='ltr'>ln</span> <span class='ocrx_word' id='word_1_484' title='bbox 545 4683 647 4764; x_wconf 89' lang='lat' dir='ltr'>primo</span> <span class='ocrx_word' id='word_1_485' title='bbox 672 4682 779 4761; x_wconf 90' lang='lat' dir='ltr'>titulo,</span> <span class='ocrx_word' id='word_1_486' title='bbox 808 4699 904 4761; x_wconf 88' lang='lat' dir='ltr'>quem</span> <span class='ocrx_word' id='word_1_487' title='bbox 928 4702 991 4744; x_wconf 93' lang='lat' dir='ltr'>non</span> <span class='ocrx_word' id='word_1_488' title='bbox 1016 4683 1178 4763; x_wconf 85' lang='lat' dir='ltr'>habemus,</span> <span class='ocrx_word' id='word_1_489' title='bbox 1202 4704 1244 4746; x_wconf 86' lang='lat' dir='ltr'>ex</span> <span class='ocrx_word' id='word_1_490' title='bbox 1267 4682 1454 4745; x_wconf 87' lang='lat' dir='ltr'>Kirchheffii</span> <span class='ocrx_word' id='word_1_491' title='bbox 1478 4683 1634 4744; x_wconf 89' lang='lat' dir='ltr'>sententia</span> <span class='ocrx_word' id='word_1_492' title='bbox 1662 4681 1714 4743; x_wconf 90' lang='lat' dir='ltr'>lex</span> <span class='ocrx_word' id='word_1_493' title='bbox 1739 4695 1845 4745; x_wconf 82' lang='lat' dir='ltr'>centm</span> <span class='ocrx_word' id='word_1_494' title='bbox 1874 4691 2026 4762; x_wconf 85' lang='lat' dir='ltr'>tyrannos</span> <span class='ocrx_word' id='word_1_495' title='bbox 2050 4692 2158 4748; x_wconf 88' lang='lat' dir='ltr'>sancta</span> 
     </span>
     <span class='ocr_line' id='line_1_37' title="bbox 377 4787 2158 4873; baseline 0.003 -26"><span class='ocrx_word' id='word_1_496' title='bbox 377 4789 485 4869; x_wconf 78' lang='grc' dir='ltr'>(νόμος</span> <span class='ocrx_word' id='word_1_497' title='bbox 507 4787 590 4847; x_wconf 81' lang='grc' dir='ltr'><em>κατὰ</em></span> <span class='ocrx_word' id='word_1_498' title='bbox 615 4791 671 4847; x_wconf 74' lang='grc' dir='ltr'>τῶν</span> <span class='ocrx_word' id='word_1_499' title='bbox 695 4787 861 4868; x_wconf 71' lang='lat' dir='ltr'>reprimor)</span> <span class='ocrx_word' id='word_1_500' title='bbox 886 4789 1000 4871; x_wconf 88' lang='lat' dir='ltr'>scripta</span> <span class='ocrx_word' id='word_1_501' title='bbox 1025 4797 1101 4868; x_wconf 87' lang='lat' dir='ltr'>erat,</span> <span class='ocrx_word' id='word_1_502' title='bbox 1125 4810 1207 4872; x_wconf 88' lang='lat' dir='ltr'>qnae</span> <span class='ocrx_word' id='word_1_503' title='bbox 1231 4791 1358 4873; x_wconf 87' lang='lat' dir='ltr'>saepius</span> <span class='ocrx_word' id='word_1_504' title='bbox 1382 4792 1413 4852; x_wconf 90' lang='lat' dir='ltr'>in</span> <span class='ocrx_word' id='word_1_505' title='bbox 1439 4808 1595 4851; x_wconf 89' lang='lat' dir='ltr'>marmore</span> <span class='ocrx_word' id='word_1_506' title='bbox 1619 4796 1899 4865; x_wconf 73' lang='lat' dir='ltr'>commemoratur,</span> <span class='ocrx_word' id='word_1_507' title='bbox 1927 4791 2059 4853; x_wconf 86' lang='lat' dir='ltr'>fortasse</span> <span class='ocrx_word' id='word_1_508' title='bbox 2084 4792 2158 4853; x_wconf 88' lang='lat' dir='ltr'>titu-</span> 
     </span>
     <span class='ocr_line' id='line_1_38' title="bbox 377 4894 2157 4979; baseline -0.001 -22"><span class='ocrx_word' id='word_1_509' title='bbox 377 4896 429 4959; x_wconf 90' lang='lat' dir='ltr'>lus</span> <span class='ocrx_word' id='word_1_510' title='bbox 458 4895 636 4958; x_wconf 87' lang='lat' dir='ltr'>eentinebat</span> <span class='ocrx_word' id='word_1_511' title='bbox 664 4914 791 4956; x_wconf 90' lang='lat' dir='ltr'>causam</span> <span class='ocrx_word' id='word_1_512' title='bbox 821 4894 973 4973; x_wconf 81' lang='lat' dir='ltr'>Erysilai,</span> <span class='ocrx_word' id='word_1_513' title='bbox 1001 4902 1083 4959; x_wconf 90' lang='lat' dir='ltr'>certe</span> <span class='ocrx_word' id='word_1_514' title='bbox 1113 4898 1239 4959; x_wconf 91' lang='lat' dir='ltr'>initium</span> <span class='ocrx_word' id='word_1_515' title='bbox 1268 4917 1382 4960; x_wconf 87' lang='lat' dir='ltr'>causae</span> <span class='ocrx_word' id='word_1_516' title='bbox 1411 4897 1585 4979; x_wconf 80' lang='lat' dir='ltr'>Agonippi,</span> <span class='ocrx_word' id='word_1_517' title='bbox 1613 4915 1695 4977; x_wconf 86' lang='lat' dir='ltr'>quae</span> <span class='ocrx_word' id='word_1_518' title='bbox 1724 4916 1817 4978; x_wconf 90' lang='lat' dir='ltr'>perro</span> <span class='ocrx_word' id='word_1_519' title='bbox 1846 4903 2009 4970; x_wconf 80' lang='grc'><strong>1111111111,</strong></span> <span class='ocrx_word' id='word_1_520' title='bbox 2038 4896 2064 4959; x_wconf 93' lang='lat' dir='ltr'><strong>B</strong></span> <span class='ocrx_word' id='word_1_521' title='bbox 2088 4897 2104 4959; x_wconf 92' lang='lat' dir='ltr'>I</span> <span class='ocrx_word' id='word_1_522' title='bbox 2129 4918 2157 4957; x_wconf 85' lang='lat' dir='ltr'>v.</span> 
     </span>
     <span class='ocr_line' id='line_1_39' title="bbox 380 5000 2158 5086; baseline 0.002 -24"><span class='ocrx_word' id='word_1_523' title='bbox 380 5003 495 5063; x_wconf 84' lang='lat'>1-32.</span> <span class='ocrx_word' id='word_1_524' title='bbox 537 5000 695 5084; x_wconf 83' lang='lat' dir='ltr'>Equidem</span> <span class='ocrx_word' id='word_1_525' title='bbox 720 5020 833 5063; x_wconf 89' lang='lat' dir='ltr'>censeo</span> <span class='ocrx_word' id='word_1_526' title='bbox 863 5004 895 5063; x_wconf 92' lang='lat' dir='ltr'>in</span> <span class='ocrx_word' id='word_1_527' title='bbox 921 5002 1021 5084; x_wconf 90' lang='lat' dir='ltr'>lapide</span> <span class='ocrx_word' id='word_1_528' title='bbox 1046 5003 1174 5081; x_wconf 76' lang='grc' dir='ltr'><em>(στάλλα</em></span> <span class='ocrx_word' id='word_1_529' title='bbox 1193 5007 1322 5084; x_wconf 75' lang='grc' dir='ltr'>λιθίνα),</span> <span class='ocrx_word' id='word_1_530' title='bbox 1346 5004 1503 5086; x_wconf 88' lang='lat' dir='ltr'>siquidem</span> <span class='ocrx_word' id='word_1_531' title='bbox 1529 5003 1598 5077; x_wconf 87' lang='lat' dir='ltr'>tale,</span> <span class='ocrx_word' id='word_1_532' title='bbox 1624 5003 1716 5084; x_wconf 89' lang='lat' dir='ltr'>quale</span> <span class='ocrx_word' id='word_1_533' title='bbox 1744 5024 1837 5085; x_wconf 90' lang='lat' dir='ltr'>supra</span> <span class='ocrx_word' id='word_1_534' title='bbox 1864 5004 2015 5084; x_wconf 89' lang='lat' dir='ltr'>diximus,</span> <span class='ocrx_word' id='word_1_535' title='bbox 2044 5023 2158 5086; x_wconf 86' lang='lat' dir='ltr'>cerpus</span> 
     </span>
     <span class='ocr_line' id='line_1_40' title="bbox 376 5108 2156 5193; baseline 0.001 -24"><span class='ocrx_word' id='word_1_536' title='bbox 376 5108 553 5171; x_wconf 87' lang='lat' dir='ltr'>litterarum</span> <span class='ocrx_word' id='word_1_537' title='bbox 577 5108 775 5190; x_wconf 90' lang='lat' dir='ltr'>publicarum</span> <span class='ocrx_word' id='word_1_538' title='bbox 799 5109 869 5177; x_wconf 86' lang='lat' dir='ltr'>fuit,</span> <span class='ocrx_word' id='word_1_539' title='bbox 894 5109 980 5171; x_wconf 92' lang='lat' dir='ltr'>nulle</span> <span class='ocrx_word' id='word_1_540' title='bbox 1005 5111 1098 5172; x_wconf 92' lang='lat' dir='ltr'>mede</span> <span class='ocrx_word' id='word_1_541' title='bbox 1121 5113 1263 5193; x_wconf 87' lang='lat' dir='ltr'>petuisse</span> <span class='ocrx_word' id='word_1_542' title='bbox 1287 5130 1414 5174; x_wconf 90' lang='lat' dir='ltr'>eausam</span> <span class='ocrx_word' id='word_1_543' title='bbox 1439 5109 1577 5188; x_wconf 84' lang='lat' dir='ltr'>Erysilai</span> <span class='ocrx_word' id='word_1_544' title='bbox 1601 5110 1719 5172; x_wconf 85' lang='lat' dir='ltr'>deesse.</span> <span class='ocrx_word' id='word_1_545' title='bbox 1760 5108 1830 5171; x_wconf 91' lang='lat' dir='ltr'>Hoc</span> <span class='ocrx_word' id='word_1_546' title='bbox 1855 5109 1988 5172; x_wconf 91' lang='lat' dir='ltr'>dubium</span> <span class='ocrx_word' id='word_1_547' title='bbox 2013 5129 2078 5172; x_wconf 92' lang='lat' dir='ltr'>non</span> <span class='ocrx_word' id='word_1_548' title='bbox 2102 5117 2156 5171; x_wconf 90' lang='lat' dir='ltr'>est.</span> 
     </span>
     <span class='ocr_line' id='line_1_41' title="bbox 377 5214 2154 5299; baseline -0.001 -22"><span class='ocrx_word' id='word_1_549' title='bbox 377 5214 499 5278; x_wconf 91' lang='lat' dir='ltr'>Deinde</span> <span class='ocrx_word' id='word_1_550' title='bbox 529 5217 667 5278; x_wconf 91' lang='lat' dir='ltr'>maxime</span> <span class='ocrx_word' id='word_1_551' title='bbox 696 5216 857 5299; x_wconf 88' lang='lat' dir='ltr'>probabile</span> <span class='ocrx_word' id='word_1_552' title='bbox 885 5222 945 5296; x_wconf 87' lang='lat' dir='ltr'>est,</span> <span class='ocrx_word' id='word_1_553' title='bbox 978 5217 1075 5297; x_wconf 84' lang='lat' dir='ltr'>hujus</span> <span class='ocrx_word' id='word_1_554' title='bbox 1104 5219 1228 5295; x_wconf 86' lang='lat' dir='ltr'>tyranni</span> <span class='ocrx_word' id='word_1_555' title='bbox 1258 5217 1610 5298; x_wconf 72' lang='lat' dir='ltr'>causam,‚praese1tim</span> <span class='ocrx_word' id='word_1_556' title='bbox 1640 5218 1667 5278; x_wconf 85' lang='lat' dir='ltr'>si</span> <span class='ocrx_word' id='word_1_557' title='bbox 1695 5218 1796 5298; x_wconf 90' lang='lat' dir='ltr'>prime</span> <span class='ocrx_word' id='word_1_558' title='bbox 1824 5215 1892 5277; x_wconf 91' lang='lat' dir='ltr'>lece</span> <span class='ocrx_word' id='word_1_559' title='bbox 1923 5235 1991 5278; x_wconf 74' lang='lat' dir='ltr'>eant</span> <span class='ocrx_word' id='word_1_560' title='bbox 2020 5216 2154 5297; x_wconf 83' lang='lat' dir='ltr'>positam</span> 
     </span>
    </p>
   </div>
   <div class='ocr_carea' id='block_1_4' title="bbox 0 0 2546 5984">
    <p class='ocr_par' dir='ltr' id='par_1_4' title="bbox 0 0 2546 5984">
     <span class='ocr_line' id='line_1_42' title="bbox 0 0 2546 5984; baseline 0 0"><span class='ocrx_word' id='word_1_561' title='bbox 0 0 2546 5984; x_wconf 95' lang='lat' dir='ltr'> </span> 
     </span>
    </p>
   </div>
  </div>
 </body>
</html>
