4808 5986
957 463 1115 470 m
1156 428 1220 501 ,9
1277 372 1436 486 ,.,;,,,

305 638 522 721 Hypcthcsin:
544 642 603 712 „er
615 637 788 716 Ἥιερείδοο
801 641 982 717 χαρακτῆρι
995 641 1115 717 μᾶλλον
1129 640 1300 716 αροσχωρεῑ
1321 637 1357 696 τά
1380 660 1406 696 τε
1427 636 1505 697 dita
1525 636 1580 696 καὶ
1599 639 1688 709 λέξεις
1707 637 1791 704 τινὰς
1809 637 1871 716 ἔχει
1890 640 1955 698 κατ’
1978 640 2094 699 ἐκεῖνον

305 749 425 825 μᾶλλον
438 748 600 823 εἰρημένας
616 742 635 817 ἥ
650 743 703 802 τὸν
713 747 940 823 Δημοσθένηνι
956 750 987 807 et
1002 744 1098 806 schol.
1110 764 1177 826 pag.
1186 745 1250 804 254
1261 742 1366 825 (Ddf.):
1384 744 1657 822 ,,τινέςὛοερείδου
1671 747 1810 822 λέγουσιν
1824 745 1904 804 εἶναι
1919 744 1972 804 τὸν
1985 744 2093 824 λόγονι

308 861 339 916 et
358 853 572 933 ,,οἱμᾳοτέροος
592 850 716 919 τούτους
731 849 805 927 (Vll
821 858 852 913 et
866 850 975 928 XVH)
995 851 1206 927 άναρὲρονοιν
1224 851 1496 929 εἰςἩγήσιποονέ*
1525 848 1573 912 De
1590 849 1773 932 Hegesippu
1789 852 1862 931 jure
1881 853 2010 933 cogitari
2031 871 2095 914 non

307 979 400 1043 posse
419 959 624 1021 manifestum
644 964 701 1034 est,
720 957 747 1018 si
764 976 809 1035 ea,
829 977 911 1038 quae
931 956 1086 1038 saprade
1106 957 1203 1037 hujus
1223 958 1374 1019 orationis
1390 958 1571 1020 elocutione
1591 957 1749 1039 disputata
1769 967 1854 1036 sunt,
1873 977 2094 1040 comparamus

307 1087 381 1129 cum
401 1064 517 1127 Blassii
541 1064 579 1126 de
606 1063 779 1145 Hegesippi
802 1061 919 1145 genere
943 1063 1067 1125 dicendi
1086 1062 1149 1137 ΙΙΙ,
1171 1063 1204 1140 1,
1227 1083 1297 1149 pag2
1320 1065 1379 1124 ΙΙΙ
1406 1070 1438 1126 et
1461 1083 1572 1145 proxx.
1593 1063 1714 1142 judicic
1739 1069 1770 1124 et
1792 1063 1939 1126 addimus
1963 1062 2093 1142 Dionys.

306 1171 468 1235 Demosth.
484 1190 509 1232 c.
523 1172 563 1231 13
575 1169 678 1249 verba,
698 1187 780 1251 quae
798 1168 837 1231 de
857 1153 1013 1231 oratione:
1036 1167 1123 1243 „napi
1143 1173 1198 1228 τῶν
1212 1168 1442 1243 tr‘Atovrolorp‘⁴
1457 1169 1545 1231 facit:
1567 1167 1641 1247 ,καὶ
1657 1167 1710 1227 τὸν
1722 1171 1888 1228 Λυσιακὸν
1904 1173 2094 1250 χαρακτῆρα

307 1282 503 1356 ἐκμέμακται
521 1284 562 1343 εἰς
581 1274 697 1354 ὄνυχα(ί
718 1282 749 1339 et
768 1276 805 1337 de
825 1275 882 1336 hac
901 1275 1041 1336 oratione
1061 1275 1172 1337 eodem
1192 1275 1260 1337 loco
1280 1294 1345 1358 cap.
1367 1276 1421 1337 57:
1448 1273 1613 1354 ,,φορτικαὶ
1633 1274 1688 1333 καὶ
1712 1273 1852 1353 ἄγροικοι
1871 1280 2093 1338 καταοκεοαί“.

307 1382 551 1447 RecteWeilius
570 1402 699 1464 quoque
718 1382 757 1443 de
776 1380 950 1463 Hegesippi
969 1382 1109 1443 oratione
1128 1401 1196 1464 pag.
1217 1383 1281 1443 240
1297 1382 1433 1461 judicat:
1456 1380 1516 1460 „Le
1535 1391 1692 1444 contracte
1711 1390 1759 1444 est
1777 1381 1922 1464 frappant
1941 1391 2029 1446 entre
2048 1384 2094 1446 les

307 1492 438 1572 phrases
457 1491 562 1567 unies,
580 1488 720 1570 simplos,
738 1487 863 1566 claires,
882 1508 928 1550 un
947 1506 1010 1570 peu
1029 1487 1151 1567 faibles,
1170 1488 1209 1551 de
1228 1494 1308 1550 cette
1328 1488 1498 1569 harangue,
1517 1495 1549 1550 et
1566 1488 1596 1550 la
1615 1489 1779 1570 puissante
1798 1488 2020 1570 complication
2041 1490 2096 1552 des

308 1596 452 1680 periodos
472 1595 515 1657 oia
532 1595 653 1676 respiro
672 1593 702 1654 la
720 1595 847 1674 passion
867 1597 1055 1656 concentrbe
1079 1593 1124 1656 du
1142 1593 1244 1676 grand
1261 1594 1412 1656 orateur“.
1448 1583 1703 1656 Veterescritici
1728 1594 1765 1655 ad
1791 1596 1981 1666 sententiam
2002 1615 2094 1658 suam

310 1703 499 1786 plerumque
519 1699 728 1762 similitudine
748 1699 885 1780 quadam
906 1700 1124 1782 dispositionis
1143 1701 1287 1783 perducti
1306 1706 1396 1773 sunt,
1416 1697 1620 1781 Hegesippus
1639 1700 1725 1761 enim
1744 1719 1785 1762 ex
1805 1701 1940 1783 singul-is
1957 1700 2098 1785 Philippi

309 1809 463 1892 epistulae
482 1806 577 1869 rebus
592 1806 703 1868 eodem
719 1805 812 1867 modo
824 1804 957 1883 orditur,
975 1813 1072 1887 atque
1091 1807 1143 1869 hic
1161 1813 1266 1870 orator
1276 1827 1316 1870 ex
1335 1806 1472 1869 foederis
1491 1805 1616 1887 legibus
1634 1812 1666 1868 et
1684 1805 1826 1888 singulas
1846 1814 1950 1889 partes
1970 1826 2096 1890 semper

309 1915 413 1980 verbis
425 1910 511 1993 ,οαρὶ
526 1911 575 1971 ὃν
587 1913 669 1974 inter
683 1930 717 1973 se
727 1912 897 1994 conjungit.
919 1910 1034 1975 Contra
1047 1914 1081 1974 iu
1096 1913 1192 1976 rebus
1206 1919 1237 1976 et
1252 1913 1457 1996 argumentis,
1467 1911 1585 1994 quibus
1600 1910 1921 1994 utitur,Hegesippus
1937 1919 2094 1977 oratorem

311 2023 405 2105 plane
424 2020 533 2092 aliurn,
552 2025 647 2099 atque
668 2019 718 2079 hic
738 2037 772 2080 se
786 2017 921 2100 praebet.
944 2017 1300 2102 NequeHyperidem
1317 2023 1479 2082 auctorem
1495 2018 1592 2098 hujus
1606 2019 1758 2080 orationis
1778 2018 1897 2080 esseA.
1909 2017 2094 2082 Schaeferus

311 2128 369 2207 Ill,
387 2127 493 2206 1,192
512 2126 675 2203 indicavit,
695 2144 768 2187 cum
789 2124 914 2199 diceret,
933 2126 1098 2206 ingenium
1119 2133 1151 2188 et
1170 2126 1360 2189 alacritatem
1370 2124 1545 2208 Hyperidis
1565 2124 1640 2185 huic
1659 2125 1775 2186 oratori
1794 2125 1925 2187 omnino
1947 2125 2094 2204 deesse¹l

309 2231 442 2295 Accedit
465 2232 550 2313 quod
575 2238 607 2294 et
629 2232 765 2294 elocutio
783 2210 973 2312 Hyperidis,
997 2231 1059 2294 nisi
1083 2231 1238 2294 delectum
1260 2232 1429 2294 verborum
1453 2232 1589 2312 excipis,
1613 2250 1678 2312 quo
1703 2230 1756 2293 ille
1779 2250 1844 2293 nou
1868 2238 1932 2293 tam
1957 2233 2094 2315 insignis

309 2346 385 2418 erat,
405 2374 444 2383 -
466 2337 502 2399 cl.
521 2336 613 2400 Dion.
634 2336 796 2400 Demosth.
816 2356 882 2418 cap.
903 2337 922 2396 6
940 2374 979 2382 -
998 2344 1029 2400 et
1047 2340 1279 2420 argumentatio
1298 2358 1372 2400 cum
1392 2338 1450 2399 hac
1468 2338 1609 2400 oratione
1629 2337 1816 2419 discrepant
1853 2335 1901 2400 De
1920 2337 2093 2421 Lycurgo

305 2448 378 2527 jure
401 2464 495 2507 nemo
516 2463 621 2526 neque
639 2442 800 2506 veteribus
819 2462 924 2526 neque
944 2445 993 2506 his
1013 2444 1209 2527 temporibus
1229 2426 1384 2526 cogitarit.
1423 2443 1511 2506 Inter
1535 2442 1717 2525 quindecim
1738 2444 1807 2523 ejus
1826 2445 1994 2524 oratiohoc,
2013 2465 2094 2526 quae

308 2556 608 2630 commemorantur,
622 2549 711 2612 nulla
729 2552 834 2612 contio
853 2550 1006 2628 exstabat,
1020 2551 1083 2611 nisi
1103 2551 1176 2632 quis
1190 2553 1325 2634 primam
1341 2551 1372 2611 iu
1387 2548 1628 2632 Lycophronem
1645 2550 1819 2611 orationem
1839 2550 1923 2631 apud
1938 2551 2094 2633 populum

225 2672 229 2677 ’
309 2657 451 2720 habitam
471 2675 541 2720 esse
561 2663 668 2719 censet
682 2656 718 2718 cf.
730 2655 830 2719 Blass.
841 2657 861 2717 l.
871 2676 897 2718 c.
908 2677 977 2739 pag.
989 2658 1032 2718 84
1047 2662 1079 2719 et
1097 2664 1217 2735 annot.;
1237 2662 1332 2739 atque
1352 2657 1378 2718 si
1397 2656 1586 2738 respicimus
1602 2674 1746 2717 summos
1761 2654 1902 2738 Lycurgi
1918 2656 2048 2719 allectus
2064 2667 2096 2719 ct

309 2765 479 2826 concitatos
496 2761 623 2843 (πάθος)
639 2769 670 2825 et
684 2757 877 2844 compositos
893 2755 1005 2842 (ἦθος),
1020 2764 1089 2844 ejus
1104 2782 1207 2845 genus
1223 2762 1347 2845 dicendi
1363 2763 1421 2824 hac
1435 2763 1577 2824 oratione
1592 2761 1823 2823 alienissimum
1840 2768 1895 2823 est.
1916 2762 2005 2824 Idem
2020 2782 2094 2825 con·

309 2869 436 2932 cludere
451 2888 625 2952 possumus
640 2887 681 2930 ex
696 2870 802 2949 parvis
818 2869 873 2930 scd
889 2874 999 2951 argute
1014 2871 1200 2951 compositis
1213 2869 1399 2951 fragmentis
1414 2868 1614 2949 Polyeucti
1632 2866 1653 2929 S
1659 2867 1797 2949 phettii
1812 2868 1844 2928 in
1857 2866 1940 2930 Orat.
1952 2869 2094 2949 Atticll,

308 2996 377 3058 pag.
394 2976 458 3036 2Ι3
478 2981 509 3036 ct
529 2975 599 3036 274.
629 2974 777 3037 Vidimus
795 2976 893 3057 igitur
911 2976 1083 3038 orationem
1104 2994 1227 3057 neque
1246 2973 1495 3038 Demostheni
1514 2993 1638 3055 aequo
1657 2974 1825 3055 aequali,
1844 2976 1937 3054 cujus
1958 2976 2008 3036 rel
2027 2995 2094 3038 ora-

309 3084 411 3144 tiones
422 3080 472 3144 rel
481 3080 658 3162 fragmenta
668 3088 804 3161 exstant,
819 3082 959 3144 ascribi
974 3100 1086 3165 posse
1100 3088 1196 3164 atque
1210 3100 1279 3143 eam
1290 3081 1329 3143 ab
1338 3100 1453 3162 genere
1464 3080 1588 3143 dicendi
1600 3100 1663 3142 uon
1680 3080 1786 3142 solum
1798 3079 2024 3145 Demosthenis
2038 3084 2092 3146 sed

309 3190 402 3251 etiam
412 3188 606 3270 reliquorum
619 3197 778 3249 oratorum
791 3188 888 3267 hujus
898 3189 1056 3270 temporis,
1072 3188 1126 3270 qui
1139 3188 1267 3269 quidem
1280 3186 1531 3250 aDemosthenis
1541 3186 1685 3269 partibus
1696 3187 1829 3267 scibant,
1839 3187 1930 3251 trude
1940 3188 2093 3252 recedere.

1045 3345 1160 3430 Caput
1183 3346 1347 3430 tertium.

415 3472 476 3535 Sed
502 3480 537 3534 ut
561 3474 755 3552 accuratius,
779 3473 853 3555 quis
881 3472 977 3534 fuerit
1000 3477 1122 3548 auctor,
1145 3471 1318 3551 dijudicare
1341 3473 1518 3553 possimus,
1545 3473 1634 3553 prius
1663 3471 1707 3533 do
1731 3477 1900 3553 tempore
1925 3480 1959 3535 et
1983 3493 2093 3557 argu-

310 3580 450 3640 mentis
479 3579 666 3641 oratiouis
695 3578 1007 3660 disputandumest.
1055 3577 1145 3639 Duae
1174 3579 1350 3640 sentcntiae
1378 3577 1543 3639 hominum
1574 3577 1738 3639 doctorum
1768 3579 1851 3640 inter
1878 3598 1912 3642 se
1940 3587 2092 3662 pugnant.

308 3684 482 3747 Scholiasta
506 3685 524 3763 ξ
544 3687 564 3745 4
588 3684 607 3745 Ι.
631 3703 655 3747 c.
680 3684 756 3745 dicit
785 3703 853 3746 eam
878 3684 1015 3746 habitam
1045 3703 1114 3746 esse
1143 3684 1254 3766 primis
1279 3683 1455 3745 Alexandri
1485 3683 1679 3765 temporibus
1690 3685 1721 3763 ²).
1769 3683 1872 3759 Quam
1903 3688 2092 3749 sententiam

308 3788 546 3871 Boehnelxius³)
567 3800 710 3853 secutus:
733 3791 857 3869 „oratio,
877 3791 997 3872 inquit,
1016 3792 1193 3853 necessarie
1211 3789 1318 3851 habita
1341 3798 1389 3853 est
1407 3798 1478 3873 post
1496 3799 1587 3872 pacta
1607 3789 1646 3851 ab
1664 3790 1849 3853 Alexandro
1870 3791 1998 3853 Graecis
2019 3812 2093 3854 con-

309 3916 397 3960 cessa
416 3905 447 3960 ct
466 3904 538 3960 ante
556 3897 732 3959 Thebarum
752 3896 922 3958 excidium.
968 3895 1047 3958 Eam
1069 3895 1206 3958 habitam
1226 3916 1296 3959 esse
1320 3904 1393 3959 aute
1412 3896 1589 3959 Alexandri
1613 3899 1646 3958 in
1668 3898 1778 3959 Asiam
1802 3898 2037 3979 expeditionem
2063 3908 2093 3962 ct

307 4012 380 4066 ante
398 4002 521 4065 Thebas
546 4003 666 4064 dirutas
691 4002 763 4064 inde
788 3986 946 4082 sequitur,
971 4003 1055 4085 quod
1078 4005 1111 4065 in
1137 4003 1277 4065 oratioue
1300 4004 1370 4085 ipsa
1393 4003 1479 4066 nulla
1505 4004 1619 4065 harum
1637 4021 1744 4065 rerum
1765 4007 1883 4065 mentio
1903 4005 2017 4084 injecta
2036 4014 2092 4068 est.

308 4110 411 4173 Immo
431 4109 615 4171 Alexander
633 4110 666 4169 in
687 4107 817 4191 Europa
841 4109 952 4171 adesse
977 4110 1141 4191 cogitatur.
1180 4108 1302 4172 Deinde
1320 4108 1434 4172 Thebis
1459 4110 1571 4172 dirutis
1595 4115 1626 4171 et
1645 4110 1829 4171 Alexandro
1853 4111 1886 4171 in
1908 4111 1985 4172 Asia
2011 4110 2093 4174 bella

307 4224 436 4298 gerente
447 4216 659 4278 Athenienses
676 4216 775 4297 quieti
795 4222 885 4278 erant
904 4235 1008 4298 neque
1024 4216 1161 4298 amplius
1174 4236 1224 4280 res
1241 4237 1341 4279 novas
1357 4214 1581 4292 moliebantur3
1603 4235 1658 4278 eos
1675 4227 1752 4278 tunc
1765 4214 1881 4278 talibus
1897 4216 2093 4280 orationihus

307 4342 402 4385 arrres
425 4309 622 4404 praebuisse,
653 4323 718 4383 reri
743 4322 897 4383 dissimile
925 4328 986 4394 est;
1015 4322 1318 4404 plurima-propter
1341 4341 1422 4404 quac
1446 4330 1549 4385 orator
1572 4322 1762 4385 Macedones
1785 4328 1926 4399 accusat,
1955 4330 2093 4386 exeunte

307 4429 412 4490 hieme
435 4429 513 4490 anni
536 4428 708 4490 tricessimi
731 4429 813 4490 sexti
842 4435 873 4490 et
900 4429 1032 4490 ineunte
1056 4448 1129 4490 vero
1157 4431 1232 4491 anui
1256 4430 1406 4491 tricesimi
1432 4430 1536 4511 quinti
1564 4430 1643 4491 facta
1673 4448 1742 4491 esse
1765 4428 1915 4490 videntur
1938 4437 1969 4492 ot
1994 4414 2091 4491 oratio

308 4537 377 4617 ipsa
405 4534 511 4616 hahita
539 4542 599 4611 est,
628 4534 704 4597 dum
729 4534 914 4596 Alexander
940 4534 1094 4596 adversus
1121 4534 1273 4596 finitimas
1299 4533 1502 4597 Macedoniae
1529 4540 1639 4616 gentes
1669 4534 1816 4596 barbaras
1840 4533 1916 4596 belli
1938 4535 2090 4617 gerebat.“

307 4640 396 4702 Idem
417 4647 543 4722 tempus
558 4640 709 4703 Reislrius
718 4643 743 4719 ⁴)
759 4648 789 4704 et
805 4640 934 4702 Grotius
944 4643 966 4718 ⁵)
986 4648 1017 4702 ct
1031 4640 1262 4722 Spengeliusll,
1274 4642 1380 4704 causis
1399 4660 1438 4703 ex
1459 4647 1646 4722 argumento
1667 4641 1816 4702 orationis
1832 4642 1987 4722 promptis
2006 4660 2092 4702 corn·

460 4750 681 4848 Conlerffique
700 4783 761 4850 περὶ
781 4779 867 4837 ὕψους
885 4796 943 4848 cap.
962 4781 997 4832 34
1015 4785 1042 4832 et
1061 4779 1199 4832 Blossium
1217 4779 1267 4847 III,
1290 4782 1301 4832 1
1322 4797 1381 4848 pag.
1401 4781 1444 4834 42.

457 4867 487 4917 ‘0
505 4870 552 4928 μὲν
570 4869 621 4938 γάρ
641 4870 745 4938 εἴρηται
765 4869 791 4918 ἐν
810 4866 880 4938 α’ρχῇ
898 4872 944 4934 τῆς
963 4868 1034 4918 κατὰ
1052 4867 1221 4938 Ἀλέξανδρον
1240 4869 1434 4927 καταστάσεως.

460 4958 492 5010 Iu
512 4956 722 5022 Quaestionibus
741 4958 800 5011 suis
819 4958 851 5010 dc
872 4958 970 5010 Atticis
990 4958 1142 5011 oratoribus
1161 4958 1181 5012 Ι.
1201 4958 1261 5011 628,

413 5223 439 5288 6)
458 5223 490 5275 In
510 5223 704 5290 „Contionibus
724 5222 931 5275 Demosthenis·
951 5225 983 5276 cl.
1004 5226 1055 5278 act.
1075 5225 1147 5277 acad.
1168 5224 1257 5277 bavar.
1279 5223 1406 5278 volumen
1425 5223 1467 5278 ΙΧ
1486 5223 1578 5291 (laen
1596 5223 1624 5277 11
1642 5239 1701 5292 pag.
1721 5224 1780 5277 315.

1841 5312 1878 5366 3*
