5084 5984
1031 462 1190 469 -m
1246 427 1296 500 39
1323 369 1511 467 3—m—

377 638 559 705 efficacibus
576 640 672 722 paulo
696 639 909 721 postpositis:
936 637 1052 717 ,ὥσπερ
1077 635 1362 718 ἐνἈβδηρίταις
1387 635 1406 709 ἢ
1430 637 1694 715 Μαρωνείταις
1718 635 1784 694 ἀλλ’
1812 636 1868 694 ούκ
1892 640 1929 694 έν
1950 635 2163 706 Ἀθηναίοις

313 817 316 820 ⁴
378 743 683 824 πολιτευόμενον*
716 752 832 820 ¹aiictor
863 743 1110 809 Demosthenem
1143 746 1288 807 imitatus
1315 763 1385 807 esse
1421 743 1555 805 videtur.
1601 741 1724 805 Similia
1752 743 1837 804 enim
1865 740 1965 821 XIX,
1994 742 2035 802 72
2066 740 2161 823 legis:

377 849 501 931 „dronae
523 855 560 912 ἐν
583 848 705 918 ἄλλοις
730 851 801 911 τισιΙ
825 851 1048 931 κρινόμενον
1075 850 1137 912 καὶ
1167 852 1236 911 οὑκ
1259 857 1297 911 ἐν
1325 850 1411 930 ὑμῖν
1439 851 1500 916 τοῖς
1524 847 1638 908 ἅπαντ’
1668 846 1803 908 εἰδόσιν“
1833 856 1864 912 et
1891 849 1926 909 in
1958 847 2163 929 suppositieia

377 956 473 1039 XIII,
493 959 548 1021 34:
573 963 625 1028 „rt
645 961 704 1037 μὲν
726 950 782 1018 οὖν
799 960 972 1035 Σιφνίοις
998 957 1016 1031 η’
1035 961 1066 1018 Κ
1074 958 1209 1025 υδνίοις
1234 956 1253 1031 ἥ
1277 980 1373 1017 τισιν
1396 955 1520 1023 ἄλλοις
1545 954 1690 1023 τοιούτοις
1709 947 1779 1014 οὖσι
1802 951 1944 1038 συνᾴδειν
1964 953 2039 1032 ἡμῖν
2056 989 2100 998 -
2120 990 2161 997 —

377 1062 480 1140 ἐπειδὴ
503 1063 530 1124 δ’
556 1061 644 1136 ἔστ’,
669 1064 704 1125 Ἀ
712 1068 886 1138 θηναῖοι“
910 1072 941 1128 et
965 1085 1046 1147 quae
1070 1071 1252 1147 sequuntur
1275 1071 1305 1127 et
1328 1063 1388 1134 IX,
1415 1064 1469 1125 II:
1496 1061 1564 1133 „ald”
1568 1065 1672 1123 οἴεσθε
1698 1059 1910 1126 Χαλκιδέας
1933 1058 1989 1133 τὴν
2007 1058 2163 1119 Ἐλλάδα

377 1170 486 1232 σώσειν
510 1170 529 1245 ἢ
551 1172 765 1252 Μεγαρέας,
791 1173 899 1252 ὑμεῖς·
916 1170 1235 1251 δ’ἀποδράοεσθαι
1261 1170 1299 1231 τὰ
1325 1169 1525 1250 πράγματα)ι
1545 1206 1587 1214 -
1609 1168 1815 1231 -Fortasse
1839 1148 1949 1229 auctor
1972 1167 2162 1229 sententiam

377 1278 462 1362 apud
486 1277 732 1343 Demosthenem
757 1279 848 1363 legit,
875 1281 927 1342 cui
955 1298 996 1342 ex
1023 1280 1157 1342 rhetoris
1185 1296 1302 1361 genere
1331 1277 1457 1340 dicendi
1485 1276 1566 1338 hanc
1595 1277 1771 1358 quaesitam
1799 1274 1932 1337 formam
1961 1273 2061 1352 dedit,
2088 1292 2163 1335 cnm
2200 1310 2203 1316 ·

376 1405 495 1448 nomeu
510 1385 735 1449 Abderitarum
751 1385 967 1465 substitueret,
986 1385 1100 1469 gentiS,
1119 1404 1201 1466 quac
1219 1391 1347 1467 propter
1366 1403 1526 1447 summam
1546 1382 1713 1445 stultitiam
1736 1380 1928 1444 Graecorum
1943 1381 2044 1442 risum
2055 1399 2163 1442 move-

377 1491 470 1573 bat,¹)
481 1491 602 1554 addidit
616 1490 800 1572 Maronitas,
814 1511 952 1574 quorum
972 1492 1048 1555 iubs
1058 1497 1089 1554 et
1104 1491 1213 1553 eadem
1230 1493 1262 1553 in
1271 1489 1419 1552 Thraciae
1435 1510 1489 1552 ora
1504 1490 1564 1551 sita
1579 1489 1690 1551 etvini
1706 1489 1898 1569 praestantia
1912 1487 2075 1550 nobihtata
2089 1492 2163 1549 erat.

486 1594 528 1677 V)
548 1598 567 1679 ἓ
588 1599 630 1661 29
653 1599 750 1662 verba
773 1597 870 1669 „orire
889 1578 998 1659 ἐκεῖνοι
1022 1603 1059 1684 τῇ
1082 1596 1167 1657 πόλει
1185 1603 1324 1677 χρῶνται
1343 1594 1394 1656 διὰ
1416 1594 1483 1662 τούς
1506 1600 1649 1656 ἐντεῦθεν
1671 1593 1893 1659 διδασκάλους·
1914 1593 2076 1657 referenda-
2094 1613 2164 1656 osse

376 1704 528 1768 videntur
554 1705 594 1768 ad
616 1703 790 1789 Hegesippi
814 1705 892 1784 VII,
921 1707 963 1768 23
996 1705 1080 1776 ,ὑπὸ
1114 1710 1170 1765 τῶν
1197 1703 1308 1765 ἐνθάδε
1337 1702 1531 1764 διδασκάλων
1559 1700 1859 1781 προδιδιδαγμένος.“
1910 1700 1953 1763 Hi
1987 1709 2062 1763 sunt
2094 1700 2164 1778 loci,

377 1810 495 1894 quibus
528 1818 638 1874 auctor
670 1813 824 1875 orationis
856 1810 1068 1874 Macedonum
1101 1812 1253 1875 satellites
1285 1812 1371 1893 petit.
1419 1811 1457 1873 In
1490 1809 1638 1873 omnibus
1671 1808 1756 1871 color
1788 1827 1862 1870 vere
1895 1806 2162 1870 Demosthenicns

376 1919 473 1999 inest,
500 1917 534 1980 in
563 1918 673 1981 multis
696 1918 792 1982 verba
818 1919 887 2001 ipsa
910 1917 1135 1981 Demosthenis
1159 1919 1291 2000 repetita
1319 1936 1390 1981 esse
1414 1917 1576 1997 videntur,
1601 1916 1693 1979 utin
1718 1916 1768 1978 his
1796 1915 1961 1994 nucleum,
1984 1933 2025 1976 ex
2049 1913 2164 1976 Blassii

375 2023 491 2105 verbis,
518 2022 804 2087 Demosthenicum
837 2026 977 2106 positum
1011 2044 1081 2088 esse
1114 2032 1274 2106 putemus,
1308 2025 1421 2107 quiin
1455 2022 1604 2086 omnibus
1636 2023 1853 2105 suppositiciis
1882 2027 1913 2084 et
1940 2020 1973 2083 X
1997 2027 2028 2083 et
2055 2019 2105 2082 XI
2134 2026 2166 2083 et

376 2128 462 2193 XIII
489 2136 521 2194 et
549 2128 647 2192 XXV
675 2137 707 2194 ot
733 2131 768 2192 in
795 2132 865 2194 aliis
896 2133 989 2195 inest.
1040 2130 1080 2193 In
1109 2132 1260 2194 orationis
1288 2132 1431 2214 partibus
1461 2131 1593 2213 reliquis
1630 2130 1709 2192 tales
1741 2129 1802 2192 loci
1830 2130 1963 2190 rariores
1991 2131 2074 2191 sunt.
2125 2124 2164 2186 In

376 2237 618 2320 epichirematis,
642 2252 723 2319 quae
743 2245 819 2301 sunt
841 2239 981 2301 maxime
1004 2237 1129 2320 propria
1151 2238 1297 2320 rhetoris,
1319 2240 1412 2321 plane
1436 2237 1664 2300 desiderantur.
1701 2235 1807 2300 Verba
1830 2235 1968 2317 exempli
1988 2235 2006 2314 ἓ
2027 2235 2045 2295 3
2065 2253 2165 2302 ,πινο-

376 2346 490 2428 θέντας
517 2364 549 2422 γε
577 2341 728 2403 δουλεύειν
755 2343 824 2405 ἀντὶ
854 2349 914 2403 τῶν
936 2342 1176 2433 ἀργυρωνήτωνι
1200 2345 1347 2426 proximo
1370 2344 1410 2407 ad
1433 2343 1582 2407 Isocratis
1606 2342 1703 2424 XIV,
1728 2345 1768 2405 18
1798 2341 1905 2406 verba:
1937 2340 2047 2412 „oridia
2077 2332 2166 2412 ἦττον

377 2453 439 2530 τῶν
465 2449 688 2529 ἀργυρωνήτων
709 2448 923 2511 δουλεύουσιν(
947 2451 1096 2514 accedere
1123 2451 1136 2532 j
1220 2471 1317 2533 supra
1350 2451 1500 2514 diximus
1547 2450 1586 2512 Iu
1619 2451 1781 2533 prooemio
1813 2449 1917 2532 posita
1949 2456 2025 2511 sunt
2052 2446 2163 2510 rerba:

378 2554 621 2636 προελόμενοι
649 2555 729 2636 περὶ
758 2559 932 2617 πλείστου
964 2555 1206 2630 ποιήσασθαι
1235 2557 1273 2617 τὸ
1300 2556 1461 2636 δίκαιον;
1491 2557 1528 2620 cf.
1553 2557 1669 2620 similia
1696 2559 1730 2619 in
1757 2558 1917 2639 prooemio
1942 2554 2040 2617 XIX:
2071 2552 2161 2635 ,μήτ’

378 2661 478 2742 ἄνδρα
506 2665 705 2723 ποιεῖσθαι
737 2662 817 2742 περὶ
851 2666 1018 2729 πλείονος
1046 2663 1066 2737 ἣ
1095 2663 1135 2725 τὸ
1162 2662 1323 2742 dicator,
1356 2665 1453 2747 paulo
1485 2670 1558 2727 ante
1587 2663 1627 2724 ὅτ’
1658 2667 1890 2744 ἐκληροῦσθε
1919 2665 2165 2739 ἐνοχλοῦντας

376 2767 433 2828 καὶ
455 2769 667 2848 aperiendae&
691 2771 725 2831 in
749 2770 809 2832 hoo
831 2771 1006 2853 prooemio:
1032 2769 1096 2848 ,μὴ
1120 2775 1160 2850 τῷ
1179 2774 1237 2849 μέν
1259 2769 1337 2849 λόγῳ
1360 2775 1619 2852 καταχρωμένους
1642 2773 1832 2848 ἐνοχλεῖν.“
1851 2761 1861 2778 '
1879 2769 1960 2833 Item
1986 2789 2059 2849 una,
2084 2788 2165 2851 quae

378 2880 484 2938 exstat
515 2881 587 2959 apta
619 2877 816 2939 transitionis
848 2875 985 2940 formula
1012 2877 1031 2958 ξ
1057 2878 1112 2938 19;
1146 2879 1218 2948 ,ἵνα
1246 2876 1367 2951 δἐἰδῆτε
1396 2875 1440 2937 ἔτι
1468 2882 1671 2956 σαηέστερον,
1705 2875 1751 2936 ότι
1784 2875 1881 2943 οὐδεὶς
1911 2877 1984 2956 ύμῖν
2011 2879 2166 2955 ἐγκαλέσει

377 2985 449 3041 ποτέ
483 2985 543 3041 τῶν
561 2981 726 3056 Ἑλλήνων,
758 2983 796 3050 ὡς
823 2983 888 3061 ἀρα
917 2986 1074 3063 παρέβητέ
1096 3007 1121 3043 τι
1146 2988 1205 3043 τῶν
1228 2987 1319 3069 κοινῇ
1348 2985 1615 3064 ὁμολογηθέντων,
1645 2983 1724 3044 ἀλλὰ
1752 2983 1807 3043 καὶ
1830 2981 1929 3062 χάριν
1956 2981 2089 3055 ἕξουσιν,
2119 2981 2164 3042 ὅτι

358 3082 470 3168 ’μόνοι
496 3089 666 3168 ἐξηλέγξατε
701 3086 771 3156 τούς
801 3095 901 3149 ταῦτα
931 3080 1108 3161 ποιοῦντας,
1139 3090 1239 3171 μικρὰ
1268 3089 1502 3170 ἐπιδραμοῦμαι
1539 3090 1605 3171 περὶ
1633 3092 1736 3150 αὐτῶν
1768 3093 1887 3150 πολλῶν
1915 3088 2033 3148 ὅντωνίί
2072 3090 2165 3172 plano

377 3194 489 3258 eodem
526 3196 620 3259 modo
656 3196 790 3260 formata
826 3201 875 3259 est
911 3204 1007 3279 atque
1043 3215 1095 3278 ea,
1132 3218 1228 3280 quam
1265 3196 1498 3261 Demosthenes
1531 3197 1629 3279 XIX,
1663 3199 1726 3259 192
1764 3206 1910 3279 usurpat:
1951 3199 2026 3265 ,ἵνα
2064 3198 2166 3255 τοίνυν

377 3301 488 3374 εἰδῆτε,
520 3299 567 3361 ὄτι
593 3304 630 3361 ού
661 3301 761 3382 μόνιιν
793 3305 853 3361 τῶν
883 3301 1020 3382 δημοσίᾳ
1053 3301 1169 3363 πώποτ’
1204 3303 1398 3377 ἐληλυθότων
1428 3305 1465 3371 ὡς
1501 3306 1655 3364 Φίλιππον
1687 3302 1873 3383 ἀνθρώπων,
1906 3301 1985 3363 roa&
2018 3302 2073 3362 καὶ
2107 3306 2166 3362 τῶν

376 3406 441 3482 ἰδίᾳ
468 3407 524 3468 καὶ
552 3406 676 3467 πάντων
707 3402 791 3469 ούτοι
818 3408 1009 3486 ᾳαυλότατιο
1038 3409 1093 3470 καὶ
1121 3409 1327 3489 πονηρότατοι
1345 3409 1511 3498 Ιγεγόνασι,
1542 3410 1656 3491 μικρὸν
1683 3410 1844 3471 ἀκούσατέ
1871 3433 1934 3490 μου
1965 3409 2020 3482 ἔξω
2058 3435 2085 3470 τι
2114 3414 2165 3484 τῆς

369 3518 540 3596 ιπρεσβείας
559 3512 698 3588 ταύτης.“
1038 3510 1041 3515 ’

485 3621 641 3684 Postremi
670 3622 785 3705 epilogi
808 3621 917 3685 Verba:
948 3622 1065 3692 ,ἀλλὰ
1086 3623 1169 3703 μηδ’
1196 3625 1498 3705 ἀναμνησθῆναι
1525 3624 1679 3704 μηδεμίας
1702 3627 1878 3704 φιλοτιμίας
1903 3628 1962 3684 τῶν
1985 3626 2016 3696 ἐξ
2038 3625 2163 3702 α’ρχαιο-

379 3726 475 3789 τάτου
504 3727 561 3787 καὶ
596 3730 742 3788 πλείστων
774 3727 829 3787 καὶ
860 3729 999 3809 μάλιστα
1029 3729 1154 3790 πάντων
1186 3730 1364 3810 ἀνθρώπων
1397 3731 1472 3810 ἡμῖν
1501 3732 1730 3809 ὑπαρχουσῶν*
1755 3732 1908 3814 ampliora
1931 3737 2054 3794 tantum
2080 3731 2164 3813 apud

377 3833 625 3899 Demosthenem
648 3834 747 3915 XIX,
772 3837 832 3897 311
860 3836 1024 3919 leguntur:
1054 3837 1096 3907 ὃς,
1119 3830 1202 3917 ὦχῆ
1225 3835 1280 3896 καὶ
1300 3839 1378 3907 θεοί,
1397 3840 1498 3898 ἐκεῖνα
1519 3837 1720 3912 ύὶδιιξῆλθον
1743 3844 1775 3897 ἐν
1793 3839 1878 3921 α’ρχι]
1900 3835 2163 3916 δεδημιηόρηκύις,

379 3941 432 4001 τὸν
449 3943 661 4023 Μαραθῶνα,
690 3941 746 4016 τὴν
764 3945 949 4022 Σαλαμῖνα,
978 3941 1034 4009 τοὶς
1056 3942 1177 4023 μάχας,
1208 3941 1246 4002 roi
1272 3943 1420 4024 τρόπαια,
1448 3947 1610 4020 ἐξαίηνης,
1639 3945 1679 4010 ὡς
1702 3947 1796 4024 ἐπέβη
1815 3942 2030 4014 Μακεδονίας,
2059 3944 2163 4004 πάντα

380 4049 530 4108 τάναντία
544 4047 686 4118 τούτοις,
708 4047 760 4128 μὴ
784 4049 975 4130 προγόνων
996 4053 1219 4130 μεμνῆσθαι
1241 4058 1274 4114 et
1297 4071 1379 4134 quae
1402 4060 1597 4134 sequuntur,
1622 4050 1658 4112 ci.
1684 4050 1742 4130 IX,
1768 4053 1808 4112 74
1833 4069 1972 4134 quoque.

485 4153 574 4230 Quae
605 4155 729 4238 reliqua
760 4164 849 4238 sunt,
882 4175 987 4239 neque
1016 4157 1200 4239 exemplum
1230 4156 1501 4221 Pisistratidarum
1533 4159 1614 4220 mire
1646 4160 1679 4219 in
1713 4158 1814 4239 capite
1842 4158 1940 4226 totius
1969 4160 2164 4239 quaestionis

377 4262 519 4344 positum
544 4263 793 4344 saepissimeque
817 4266 850 4326 in
874 4264 1036 4327 rhetorum
1061 4263 1179 4326 scholis
1203 4271 1386 4343 tractatum,
1409 4284 1514 4346 neque
1538 4266 1682 4346 quinque
1706 4264 1858 4325 orationis
1882 4270 2002 4345 partes,
2026 4285 2161 4347 quarum

379 4373 531 4450 quattuor
554 4368 777 4449 epichiremate
796 4371 861 4449 jam
887 4371 1005 4432 rhetori
1029 4369 1215 4451 tribuimuS,
1242 4373 1355 4452 quinta
1382 4380 1508 4453 propter
1530 4370 1747 4451 gradationem
1771 4370 1867 4431 nimis
1891 4377 2051 4433 extentam
2077 4374 2095 4452 ξ
2121 4373 2161 4433 21

378 4482 475 4556 atque
498 4474 777 4537 contradictionem
802 4475 859 4538 sibi
884 4477 945 4558 ipsi
967 4475 1081 4538 factam
1101 4478 1119 4557 ᾖ
1140 4477 1191 4555 28,
1215 4496 1277 4558 qua
1302 4478 1410 4540 rhetor
1432 4478 1565 4540 fortasse
1590 4477 1763 4538 doctrinam
1788 4495 1862 4558 prae
1887 4495 1921 4538 se
1941 4477 2064 4540 laturus
2087 4485 2162 4559 erat,

377 4600 445 4643 non
467 4581 582 4643 melius
605 4600 640 4644 se
663 4580 765 4660 habet,
789 4582 957 4644 mediocris
979 4583 1114 4646 rhetoris
1138 4589 1237 4646 artem
1262 4591 1421 4665 superant.

485 4686 530 4750 Ut
559 4687 697 4770 singula,
727 4707 808 4770 (quae
837 4687 1014 4769 effecimus,
1042 4689 1241 4772 colligamus,
1269 4690 1502 4752 demonstrasse
1530 4688 1606 4750 mihi
1635 4689 1759 4768 videor,
1787 4708 1891 4771 neque
1916 4688 2162 4753 Demosthenem

379 4812 485 4876 neque
508 4794 687 4876 aequalem,
715 4796 808 4876 cnjus
832 4795 961 4877 (liudem
986 4815 1080 4879 opera
1103 4802 1245 4877 exstant,
1273 4803 1433 4859 auctorem
1460 4795 1612 4857 «tuitionis
1635 4814 1720 4871 esse,
1751 4798 1921 4858 statuimus
1946 4815 2015 4858 cam
2040 4816 2104 4857 non
2130 4798 2161 4858 in

378 4901 559 4983 primordiis
582 4899 757 4964 Alexandri
787 4903 841 4965 sed
869 4904 902 4964 in
932 4901 1126 4985 temporibus
1150 4910 1221 4984 post
1243 4902 1365 4966 Thebas
1389 4903 1524 4980 dirutas,
1552 4923 1626 4964 curu
1651 4902 1834 4966 Alexander
1858 4904 1924 4983 jam
1949 4902 2003 4963 diu
2026 4903 2060 4963 iu
2085 4903 2163 4965 Asia

378 5007 571 5086 versabatur,
594 5012 658 5068 tota
680 5006 744 5070 fero
764 5007 903 5087 Graecia,
926 5009 1029 5091 Agide
1053 5016 1192 5089 auctore,
1215 5008 1488 5084 commovebatur3
1513 5011 1725 5092 exposuimus
1749 5019 1938 5091 temporum,
1962 5008 2068 5090 qualia
2093 5017 2160 5071 tum

487 5149 512 5215 1)
529 5148 569 5201 of.
590 5147 719 5200 ridiculas
734 5164 785 5213 rea,
805 5164 872 5215 quas
888 5147 1026 5203 Lucienus
1042 5149 1070 5200 in
1086 5149 1171 5216 primo
1190 5148 1278 5216 capite
1296 5147 1360 5201 libri
1378 5148 1411 5201 de
1431 5149 1545 5202 historia
1564 5149 1756 5202 conscribenda
1775 5149 1807 5201 dc
1827 5147 1861 5200 iis
1880 5147 1976 5211 tradit,
1997 5149 2068 5201 unde
2087 5148 2161 5199 tj'ice·

379 5236 453 5290 ronis
473 5235 500 5288 in
519 5235 636 5303 epistula
656 5236 717 5301 tii,
739 5237 753 5288 7
774 5237 807 5289 ad
828 5237 948 5290 Atticum
968 5234 1149 5306 Ἀβδηριτικὸν
1168 5243 1258 5290 ortum
1277 5253 1336 5290 esse
1357 5238 1471 5290 videbun
