5084 5984
711 626 907 689 orationibus
936 646 1011 689 eum
1039 632 1122 688 recte
1142 626 1317 707 judicasse,
1340 628 1572 708 cognoscimus.
1620 625 1754 689 Penitus
1782 626 1897 687 animis
1922 623 2115 687 Graecorum
2138 642 2244 706 poena
2272 641 2395 686 severa
2420 621 2512 703 hujus

710 733 800 797 urbis
825 733 901 795 olim
926 738 990 794 tam
1014 733 1252 814 potentissimae
1275 732 1375 795 infixa
1399 741 1473 796 erat.
1511 734 1559 796 lta
1578 732 1854 795 Demosthenes
1882 732 1916 792 in
1935 749 2074 792 corona
2097 731 2116 810 ξ
2138 731 2178 792 19
2203 728 2316 800 νετόα,
2333 729 2442 812 pouit:
2467 732 2512 799 „ot

710 840 775 900 τότε
799 844 858 920 μέν
879 840 984 919 βαρεῖς
1009 841 1064 897 νῦν
1087 836 1116 897 δὲ
1141 839 1263 916 ἀτυχεῖς
1285 839 1440 920 Θηβαῖοί*
1463 848 1495 903 et
1514 841 1532 921 ἓ
1552 841 1608 901 4οῑ
1635 841 1685 911 „ig
1706 832 1746 899 ῶν
1769 841 1836 905 ταῖς
1860 835 2034 917 παροόσαις
2057 837 2236 916 συμφοραῖς
2259 841 2291 895 οἱ
2320 838 2508 915 ταλαίπωρα

710 947 870 1030 (Θηβαῖοι)
895 948 1080 1023 κέχρηνταί*
1110 951 1142 1008 et
1166 946 1184 1027 ξ
1209 947 1248 1007 41
1276 965 1358 1028 quae
1387 953 1531 1028 spectant
1559 947 1597 1009 ad
1626 948 1797 1009 Aeschinis
1824 944 1920 1008 rerba
1947 943 2029 1006 infra
2057 944 2162 1006 allata:
2192 935 2307 1012 ,οὗτός
2332 941 2507 1020 (Αἰσχίνης)

711 1062 793 1116 ἐστιν
816 1054 833 1114 ό
857 1051 896 1112 τά
923 1052 1073 1132 Θηβαίων
1096 1048 1279 1130 ὀδυρόμενος
1302 1056 1358 1110 νῦν
1381 1049 1473 1124 πάθη
1496 1052 1551 1111 καὶ
1575 1052 1688 1125 διεξιὼν
1710 1054 1749 1119 ὡς
1772 1049 1918 1131 οἰκτρά“,·
1941 1050 2155 1115 Aeschines
2183 1051 2217 1111 in
2247 1049 2401 1113 oratione
2429 1050 2507 1109 κατὰ

711 1164 931 1238 Κτησιφῶντος
961 1159 979 1239 ξ
1006 1160 1068 1221 156
1093 1165 1124 1221 et
1150 1158 1211 1220 157
1237 1156 1329 1237 ,μηδ’
1358 1159 1605 1239 ὑπομιμνῄσκετε
1636 1164 1691 1218 τῶν
1718 1157 1855 1219 ἀνιάτων
1882 1158 1937 1218 καὶ
1966 1161 2143 1231 ἀνηκέστων
2169 1160 2275 1215 κακῶν
2306 1154 2381 1223 τοὺς
2410 1160 2506 1216 ταλαι-

710 1267 826 1349 πώρους
851 1265 1024 1347 Θηβαίους,
1048 1264 1100 1330 οὓς
1123 1262 1278 1342 φυγόντας
1301 1262 1353 1323 διά
1377 1271 1486 1324 τοῦτον
1510 1265 1690 1344 ὑποδέδεχθε
1722 1271 1758 1350 τῇ
1786 1264 1884 1335 πόλει,
1911 1258 1952 1325 ῶν
1982 1262 2051 1343 ἱερά
2082 1261 2137 1323 καὶ
2171 1265 2264 1322 ιε’κνα
2299 1262 2360 1322 καὶ
2393 1261 2505 1341 τάφους

711 1374 864 1434 άπῶλεσεν
888 1373 906 1446 ή
931 1374 1154 1451 Λημοσθένους
1177 1369 1344 1451 δωροδοκία
1365 1373 1508 1455 etpaulu
1528 1372 1673 1455 postremi
1693 1374 1839 1451 νομίσαθ’
1863 1373 1941 1451 ὁρῶν
1959 1371 2168 1449 ἁλισκομένην
2191 1366 2249 1443 τήν
2272 1369 2377 1440 πόλιν,
2403 1375 2504 1448 τειχῶν

711 1477 936 1556 κατασκαφάς,
960 1476 1125 1557 ἐμπρήσεις
1149 1483 1264 1548 οἰκιῶν,
1288 1480 1444 1557 ἀγομένας
1466 1481 1617 1558 γυναῖκας
1640 1478 1695 1539 καὶ
1720 1478 1832 1544 παῖδας
1860 1485 1902 1545 εἰς
1924 1477 2078 1546 δουλείαν,
2106 1474 2281 1557 πρεσβύτας
2312 1475 2501 1556 ἀνθρώπους,

712 1584 910 1669 πρεςβότιδας
932 1588 1084 1664 γυναῖκας
1107 1586 1167 1666 ὀψὲ
1189 1582 1499 1664 μεταμανθάνοντας
1522 1583 1578 1659 τήν
1601 1588 1787 1665 ἐλευθερίαν,
1810 1587 1984 1652 κλαίοντας,
2007 1580 2197 1649 ἱκετεύοντας
2222 1582 2346 1662 όμᾶρίς
2368 1582 2501 1647 Dinar-

653 1740 654 1743 =
713 1695 808 1758 chus
831 1694 863 1754 in
889 1692 1030 1754 oratione
1059 1688 1144 1750 κατά
1168 1693 1393 1771 Δημοσθένους
1416 1693 1434 1771 ἓ
1460 1693 1515 1754 24;
1543 1678 1612 1771 „tut
1637 1690 1666 1751 δέ
1690 1696 1798 1751 τοῦτον
1823 1689 1875 1750 τόν
1902 1688 2055 1768 προδότην
2082 1688 2186 1756 παῖδες
2213 1688 2270 1748 καὶ
2299 1693 2448 1769 γυναῖκες
2472 1698 2500 1751 al

714 1801 862 1880 Θηβαίου
885 1797 933 1858 ἐπὶ
963 1795 1017 1863 τάς
1044 1796 1164 1869 σκηνάς
1193 1801 1251 1857 τῶν
1274 1794 1444 1878 βαρβάρων
1472 1796 1712 1878 διενεμήθησαν,
1741 1796 1826 1864 πόλις
1854 1798 2039 1875 ἀστυγείτων
2065 1794 2121 1855 καὶ
2148 1794 2322 1876 σύμμαχος
2350 1803 2386 1857 ἐκ
2412 1800 2501 1877 με’σης

712 1912 764 1981 τῆς
783 1904 928 1972 Ἑλλάδος
957 1905 1173 1985 ἀνήρπασται,
1203 1904 1335 1983 ἀροῦται
1362 1904 1417 1963 καὶ
1445 1907 1601 1984 σπείρεται
1628 1903 1663 1964 τό
1694 1905 1843 1985 Θηβαίων
1871 1900 1951 1962 άστυ
1979 1906 2036 1961 τῶν
2062 1900 2323 1974 κοινωνησάντων
2353 1903 2430 1984 ὑμῖν
2456 1910 2500 1964 roi

712 2011 787 2092 πρὸς
814 2014 969 2072 Φίλιππον
992 2015 1133 2092 πολέμου.
1179 2012 1288 2092 Atque
1312 2011 1405 2073 etiam
1429 2012 1463 2072 in
1487 2012 1683 2075 orationibus
1712 2012 1842 2095 privatis
1872 2010 1969 2090 hujus
1997 2010 2148 2090 temporis
2175 2007 2362 2075 Thebarum
2391 2013 2500 2075 excidii

712 2121 831 2183 mentio
855 2118 906 2199 fit,
937 2119 982 2180 ita
1015 2120 1053 2180 in
1086 2117 1274 2180 orationis
1307 2125 1440 2179 contra
1467 2116 1733 2180 Phormionem
1756 2116 1966 2180 Demostheni
1998 2115 2076 2177 falso
2104 2115 2279 2198 adscriptae
2309 2120 2500 2202 paragrapho

712 2227 872 2290 tricesima
896 2232 1007 2287 octava
1025 2231 1152 2307 tempus
1175 2225 1219 2286 ita
1237 2224 1454 2303 constituitur,
1478 2231 1514 2286 ut
1537 2230 1641 2286 orator
1664 2224 1760 2287 dicat:
1786 2223 1852 2294 ,ὅτε
1876 2226 1935 2302 μὲν
1957 2228 1998 2287 εἰς
2019 2220 2128 2302 Θήβας
2143 2221 2345 2303 Ἀλέξανδρος
2369 2210 2500 2310 παρήια.

711 2332 850 2395 Tantum
872 2332 906 2393 in
930 2329 1071 2412 Lycurgi
1094 2329 1264 2393 Leocratea
1286 2329 1351 2393 fere
1375 2330 1502 2410 eedem,
1529 2337 1625 2412 atque
1648 2331 1725 2393 haec
1750 2332 1865 2411 oratio,
1892 2336 2035 2411 tempore
2058 2326 2164 2390 habita
2190 2327 2296 2392 hasta
2321 2331 2430 2395 simile
2451 2332 2499 2394 ali·

713 2438 790 2522 quid
816 2438 995 2520 quaeritur3
1030 2437 1087 2500 sed
1109 2444 1256 2500 versatur
1288 2443 1413 2499 tontum
1438 2439 1598 2500 oratorio
1622 2438 1834 2520 temporibus,
1867 2454 1949 2518 quae
1983 2441 2060 2498 snut
2087 2435 2237 2516 deinceps
2264 2443 2344 2519 post
2366 2458 2497 2521 pugnam

713 2545 978 2623 Chaeronensem,
1001 2550 1038 2605 ut
1061 2543 1149 2605 nulla
1166 2541 1345 2606 Thebarum
1369 2544 1486 2606 excidii
1509 2543 1779 2607 commemorandi
1797 2545 1920 2606 occasio
1939 2542 2042 2605 oblata
2060 2543 2115 2616 sit3
2135 2540 2327 2606 Alexander
2346 2562 2498 2626 nusquam

713 2654 747 2714 iu
771 2670 809 2715 ea
831 2650 1022 2712 nominatur.
1069 2648 1185 2712 Contra
1209 2650 1243 2711 in
1267 2649 1326 2711 hac
1349 2651 1489 2712 oratione
1513 2650 1654 2732 optimus
1682 2650 1756 2712 huic
1784 2651 1938 2713 mentioni
1965 2648 2056 2711 locus
2083 2649 2209 2728 fuisset,
2242 2668 2312 2732 qua
2348 2650 2446 2712 animi
2465 2649 2498 2711 ad

714 2758 837 2821 belluni
861 2761 969 2819 oontm
992 2774 1173 2819 eversorem
1198 2755 1434 2818 decernendum
1460 2759 1597 2818 inaximo
1616 2756 1744 2818 adducti
1763 2762 1878 2818 essent.
1916 2755 1977 2818 Sed
2000 2761 2082 2818 treet
2101 2762 2213 2817 orator.
2251 2753 2303 2818 Ne
2324 2756 2360 2819 id
2380 2756 2494 2840 quiden

713 2864 752 2926 ab
776 2883 811 2926 eo
836 2863 1058 2944 comperimus
1078 2863 1145 2942 jam
1169 2863 1225 2925 diu
1248 2861 1368 2925 bellum
1388 2862 1554 2925 Persicum
1574 2865 1741 2942 exarsisse,
1762 2863 1985 2925 Alexandrum
2009 2863 2042 2924 in
2065 2861 2251 2944 longinquis
2275 2864 2377 2927 terris
2400 2862 2495 2926 multis

714 2977 745 3033 et
769 2969 962 3032 difficillimis
986 2967 1082 3031 rebus
1103 2968 1288 3031 distractum
1307 2988 1386 3049 esse,
1409 2971 1441 3032 id
1466 2971 1551 3052 quod
1571 2970 1666 3047 idem,
1689 2976 1725 3032 ut
1742 2990 1800 3052 par
1818 2976 1874 3038 est,
1897 2969 2039 3050 reliquae
2057 2969 2154 3050 hujus
2172 2970 2331 3052 temperis
2351 2971 2498 3032 orationes

714 3096 779 3139 non
804 3075 1072 3158 praetermittunt3
1098 3074 1134 3137 cf.
1154 3077 1329 3139 Aeschin.
1353 3074 1450 3135 κατά
1470 3079 1732 3152 Κτησιφῶντος
1756 3079 1773 3154 ξ
1801 3077 1886 3139 165:
1913 3076 1949 3146 „b
1968 3076 1997 3136 δέ
2015 3073 2208 3154 Ἀλέξανδρος
2229 3072 2286 3158 ἔξω
2315 3080 2372 3150 τῆς
2394 3075 2499 3156 ἄρκτου

713 3181 768 3242 καὶ
797 3187 849 3256 τῆς
876 3184 1059 3260 οἰκουμένης
1088 3183 1190 3262 όλίγου
1218 3182 1280 3241 δεῖν
1307 3182 1410 3254 πάσης
1436 3181 1654 3262 μεθειστήκει“
1687 3189 1719 3245 et
1741 3181 1918 3245 Dinarch.
1942 3183 1969 3263 I,
2002 3185 2061 3245 34:
2097 3168 2316 3261 ,Ἀλέξανδρος
2345 3183 2377 3245 δέ
2405 3183 2452 3265 (ὡς
2475 3187 2500 3242 ol

713 3292 857 3368 λέγοντες)
887 3294 919 3346 εν
940 3285 1044 3353 Ἰνδοῖς
1072 3280 1137 3361 ἦν.“
1189 3288 1226 3350 In
1257 3291 1443 3352 universnm
1472 3289 1524 3351 hio
1553 3297 1657 3351 orator
1685 3309 1802 3352 nomen
1830 3290 1938 3371 ipsum
1960 3289 2136 3352 Alexandri
2164 3287 2213 3351 bis
2242 3294 2376 3354 tantum
2403 3290 2501 3374 posuit

714 3399 732 3473 ξ
759 3397 778 3457 4
802 3402 832 3456 et
857 3396 891 3469 63
916 3393 1030 3475 Agidis
1055 3414 1181 3473 nomen,
1205 3396 1298 3475 cujus
1322 3415 1372 3458 res
1396 3397 1510 3476 agitur,
1534 3415 1693 3476 nusquam
1718 3401 1829 3458 exstat.

821 3499 914 3562 Unde
933 3499 1051 3563 factum
1072 3509 1129 3581 est,
1148 3508 1184 3564 ut
1198 3503 1264 3583 jam
1285 3503 1469 3565 scholiastes
1490 3523 1557 3584 pag.
1569 3504 1672 3580 354,3
1688 3502 1766 3564 haec
1789 3503 1828 3565 de
1847 3504 1987 3565 eratione
2002 3503 2205 3583 judicaverit:
2226 3501 2281 3571 ,τὸ
2300 3501 2335 3562 δὲ
2356 3495 2437 3577 ἦθος
2454 3504 2501 3563 τοῦ

714 3606 805 3686 λόγου
822 3605 876 3678 τήν
891 3607 1070 3687 παρρησίαν
1084 3610 1141 3668 οὐκ
1155 3605 1218 3685 ἔχει
1232 3606 1386 3687 καθαράν
1401 3607 1457 3681 τήν
1466 3606 1717 3688 Λημοσθενικήν,
1727 3608 1794 3667 οόδέ
1814 3607 1868 3682 τήν
1881 3611 2039 3682 ἐπίπληξιν
2053 3611 2171 3682 ἐκείνην
2184 3606 2239 3668 καὶ
2257 3606 2313 3682 τήν
2328 3610 2498 3688 ἐλευθερίαν

717 3719 772 3788 τήν
787 3713 967 3792 ε’λεγκτικήν
983 3712 1053 3773 όλον
1067 3712 1096 3774 δέ
1114 3713 1147 3774 τό
1161 3712 1237 3780 εἶδος
1257 3717 1311 3773 τοῦ
1328 3713 1420 3793 λόγου
1438 3712 1547 3794 σγεδόν
1567 3713 1625 3772 ὑπὸ
1640 3714 1794 3794 κάλυμμά
1815 3738 1842 3773 τι
1860 3717 1969 3785 κεῖται,
1988 3714 2065 3774 πολὺ
2080 3719 2132 3789 τῆς
2142 3717 2372 3795 Δημοσθένους
2390 3716 2500 3795 παρρη-

716 3824 785 3887 σίας
805 3819 945 3879 άποδεύν·
970 3820 1215 3899 παρρησιάζεται
1237 3818 1298 3900 γάρ
1321 3820 1376 3880 καὶ
1400 3823 1437 3880 οὐ
1461 3820 1705 3900 παρρησιάζεται
1724 3820 1779 3880 καὶ
1799 3823 1974 3901 παρακαλεῖ
1993 3820 2067 3897 πρός
2086 3820 2294 3900 πόλεμονκαὶ
2319 3822 2436 3884 δέδοικε
2455 3821 2501 3882 τόν

718 3925 783 4006 περὶ
804 3925 912 3986 τούτου
929 3924 1028 4005 λόγον,
1043 3925 1097 3984 καί
1112 3930 1210 4005 μέσον
1228 3926 1329 4007 φόρου
1347 3927 1403 3986 καὶ
1423 3927 1589 4007 θάρσους.“
1617 3927 1763 3991 Blassius
1783 3928 1821 3991 de
1840 3948 1874 3991 re
1892 3929 1962 4011 ipsa
1980 3947 2053 3990 cum
2069 3928 2238 3992 scholiasta
2252 3933 2427 4010 consentit,
2445 3930 2502 3993 nisi

716 4033 805 4115 quod
821 4039 939 4112 censet,
958 4042 1112 4094 oratorem
1132 4034 1192 4095 huc
1207 4035 1353 4095 carnionc
1369 4054 1431 4095 non
1447 4033 1592 4095 considio
1609 4055 1705 4097 nsum
1721 4052 1802 4114 esse,
1820 4035 1875 4097 sed
1891 4036 2028 4116 speciem
2043 4035 2112 4115 ejus
2128 4035 2208 4098 effici
2224 4037 2335 4119 inepto
2352 4044 2387 4101 et
2399 4039 2503 4101 incon·

716 4139 781 4201 dito
805 4139 939 4201 oratoris
962 4138 1056 4200 mede
1081 4139 1213 4204 dicendi.
1246 4140 1384 4202 Weilius
1408 4149 1440 4202 ct
1458 4140 1603 4222 Spengel.
1621 4141 1638 4200 l.
1654 4141 1732 4205 cll.
1756 4161 1824 4224 pag.
1846 4141 1909 4202 315
1933 4140 2015 4203 hanc
2039 4142 2219 4205 cautionem
2237 4162 2304 4205 non
2326 4154 2502 4220 senserunt,

715 4247 814 4307 immo
834 4264 909 4307 vere
929 4244 980 4306 hic
1004 4265 1163 4307 summam
1183 4247 1315 4309 eniteris
1336 4246 1512 4309 libertatem
1532 4247 1657 4309 dicendi
1677 4248 1825 4327 laudavit,
1848 4255 1885 4310 ut
1905 4248 1982 4309 mihi
2002 4248 2131 4330 quidem
2151 4249 2289 4330 videtur,
2311 4251 2405 4315 nulle
2427 4253 2503 4333 jure.

716 4348 804 4425 Quae
820 4350 934 4412 deinde
950 4350 1126 4429 scholiasta,
1140 4359 1176 4413 ut
1190 4360 1346 4415 oratorem
1362 4359 1538 4432 excusaret,
1552 4353 1680 4429 addidit,
1695 4355 1874 4417 accuratius
1889 4354 2019 4416 refutari
2035 4373 2098 4417 nen
2113 4374 2194 4437 opus
2209 4361 2266 4435 est,
2281 4375 2359 4420 cum
2376 4358 2504 4421 demon·

718 4457 936 4535 straverimus,
960 4458 1132 4519 orationem
1158 4478 1222 4520 non
1247 4460 1358 4540 primis
1382 4460 1555 4522 Alexandri
1580 4461 1787 4542 temporibus
1811 4460 1866 4523 sed
1888 4461 1928 4522 iis
1952 4459 2091 4523 habitam
2115 4481 2193 4540 esse,
2216 4481 2296 4524 cum·
2314 4463 2374 4527 ille
2396 4462 2503 4547 procul

715 4563 830 4644 aberat,
848 4562 1059 4626 Macedonum
1080 4565 1249 4626 auctoritas
1270 4566 1302 4626 in
1318 4565 1449 4629 Graecia
1474 4565 1563 4627 valde
1583 4567 1714 4629 infracta
1732 4573 1806 4630 eret.
1833 4566 1952 4629 Tamen
1972 4567 2186 4630 memorabilis
2206 4571 2401 4652 comparatio
2422 4569 2506 4632 sido-

717 4678 778 4751 tur,
794 4690 891 4753 quam
912 4670 1081 4732 scholiasta
1095 4671 1177 4733 inter
1191 4671 1271 4733 hanc
1286 4673 1460 4733 etatiouem
1481 4678 1512 4734 et
1523 4670 1729 4755 philippicam
1750 4675 1874 4736 tertiani
1886 4671 2111 4736 Demosthenis
2131 4674 2277 4736 instituit
2306 4674 2347 4738 In
2368 4684 2507 4761 utraque

718 4777 891 4857 quaeritur,
916 4783 1023 4838 utrum
1049 4796 1111 4859 pax
1136 4777 1293 4839 servanda
1316 4779 1365 4855 sit,
1388 4778 1419 4839 id
1445 4778 1529 4860 quod
1554 4778 1765 4842 Macedonum
1790 4780 1940 4843 satellites
1963 4782 2088 4860 volunt,
2112 4802 2152 4844 an
2176 4780 2293 4844 bellum
2315 4786 2505 4866 gerendum.

716 4880 819 4955 Quam
843 4882 968 4944 diverse
987 4890 1095 4945 autem
1113 4881 1347 4945 Demosthenes
1372 4886 1590 4966 qrraestionem
1613 4887 1801 4964 tractaverit,
1820 4887 1887 4966 jam
1906 4906 1946 4949 ex
1963 4889 2145 4969 argumenti
2165 4883 2391 4971 deseriptione,
2409 4912 2506 4975 quam

716 4987 800 5069 apud
823 4986 986 5050 Blassium
1011 4987 1071 5067 ΙΙΙ,
1096 4990 1268 5050 330-337
1295 4990 1388 5072 legis,
1411 4991 1549 5054 dilucide
1573 5000 1708 5074 apparet.
1757 4991 1862 5054 Prima
1891 4994 1976 5055 enim
2005 5002 2093 5077 parte
2122 4998 2140 5074 ξ
2164 4997 2269 5056 8-21
2298 4996 2508 5074 demonstrat,

716 5091 900 5176 Philippum
925 5095 1137 5175 jamdudum
1163 5114 1238 5176 pace
1261 5102 1353 5178 rupta
1377 5097 1493 5159 bellurn
1517 5117 1627 5178 gerere
1656 5099 1814 5178 (justum),
1843 5099 1941 5162 altera
1968 5103 1986 5178 ξ
2007 5101 2137 5163 21-52
2162 5122 2225 5164 non
2251 5106 2507 5186 exspectandum

716 5218 796 5280 esse,
819 5199 894 5287 dum
920 5201 972 5264 ille
996 5202 1210 5283 aggrediatur,
1239 5201 1293 5264 sed
1317 5211 1408 5265 antea
1432 5204 1549 5266 bellum
1580 5205 1780 5267 inferendum
1805 5225 1875 5269 esse
1898 5205 2011 5287 (utile),
2033 5208 2125 5270 tertia
2148 5210 2167 5287 ξ
2192 5209 2322 5270 52-75
2347 5211 2431 5292 quid
2455 5231 2509 5275 eos
