5084 5984
1039 429 1118 435 -„
1139 429 1197 434 ---
1254 393 1301 466 31
1359 427 1517 434 -...-

387 625 428 667 ex
451 602 689 684 iis'aoncludit,
716 603 907 669 Macedones
934 611 1017 686 tum,
1047 605 1182 670 fortasse
1215 604 1300 686 quod
1324 598 1535 667 Athenienses
1564 604 1610 665 eis
1638 622 1704 664 nou
1733 601 1876 665 obsecuti
1910 609 2013 682 erant,
2046 602 2172 685 navigia

386 709 503 774 Tenedi
527 713 697 774 retinuisse
708 715 739 791 ¹).
786 711 944 794 Equidem
974 730 1080 793 neque
1102 710 1262 792 Droyseni
1291 729 1397 793 neque
1429 709 1587 774 Sclraeferi
1620 710 1810 772 sententiam
1843 709 1934 792 plane
1966 708 2073 791 probo.
2120 707 2171 773 Ex

387 818 514 879 Arriani
538 817 645 881 verbis
667 818 715 888 11,
743 820 777 899 2,
810 819 918 881 3non
956 819 1033 881 satis
1061 827 1201 902 apparet,
1230 839 1295 901 quo
1328 826 1481 899 tempore,
1514 817 1541 879 si
1573 817 1754 879 accuratius
1786 816 1819 878 id
1848 815 1979 879 definire
2011 816 2172 895 volumus,

324 960 327 967 ·
387 921 571 1005 Hegelocho
602 925 789 987 mandatum
813 926 868 1005 sit,
902 931 937 987 ut
969 924 1100 988 classem
1130 926 1299 1009 colligeret.
1344 925 1503 986 Arrianus
1531 923 1619 985 affert
1646 942 1726 1002 rem,
1758 941 1832 984 oum
1856 921 2040 984 Alexander
2063 921 2171 984 Gordii

368 1029 586 1112 sasabasar,
617 1039 689 1113 post
712 1029 892 1093 Memnonis
917 1040 1066 1111 mortem,
1099 1033 1153 1094 sed
1178 1034 1235 1113 ita,
1267 1038 1304 1095 ut
1326 1032 1492 1095 rideamus
1517 1031 1583 1111 jam
1612 1038 1704 1092 antea
1731 1048 1802 1091 eam
1829 1029 1943 1091 factam
1968 1047 2045 1091 esse.
2092 1028 2171 1090 Our-

354 1157 359 1166 ·
386 1136 450 1199 tius
474 1136 585 1200 eodem
609 1138 703 1200 modo
727 1138 786 1200 hoo
808 1136 928 1200 factum
951 1144 1025 1219 post
1052 1156 1103 1199 res
1133 1137 1240 1200 Gordii
1268 1124 1374 1220 gestas
1402 1139 1500 1221 ponit.
1555 1135 1636 1199 Cum
1665 1133 1842 1216 Droysenio
1874 1136 1973 1218 igitur
2004 1143 2035 1197 et
2058 1134 2171 1198 Schae

375 1242 451 1304 lero
485 1244 674 1307 concludere
701 1263 890 1326 possumus,
917 1263 992 1307 rere
1020 1245 1094 1305 anni
1124 1244 1273 1306 tricesimi
1303 1245 1385 1306 tertii
1413 1243 1634 1326 Hegelochum
1664 1244 1794 1324 jussum
1826 1261 1896 1305 esse
1925 1241 2057 1304 classem
2087 1261 2170 1303 corn-

385 1369 493 1431 parare
526 1351 688 1433 sinurlque
721 1371 761 1414 ex
789 1350 895 1413 verbis
924 1349 1038 1430 Curtii,
1067 1369 1148 1432 quae
1182 1349 1343 1432 deinceps*
1363 1357 1557 1433 sequuntur,
1584 1350 1821 1433 cognoscimus,
1849 1349 1944 1410 sociis
1975 1368 2016 1411 ex
2048 1347 2171 1410 lhedere

386 1475 484 1520 naves
513 1459 680 1540 imperatas
705 1477 788 1536 esse,
817 1476 897 1538 quae
919 1456 1129 1539 Hellesponto
1157 1457 1385 1539 pmesiderent3
1420 1457 1459 1519 cf.
1482 1457 1569 1521 Ourt.
1594 1456 1654 1538 III,
1680 1459 1707 1535 1,
1732 1457 1782 1517 20.
1828 1454 1917 1516 Ηοοο
1944 1463 2053 1517 autem
2078 1454 2171 1517 verba

385 1561 545 1644 Droyseni
570 1565 744 1627 sententiae
768 1562 806 1626 de
831 1562 967 1625 navibus
991 1569 1060 1625 tum
1084 1564 1214 1625 retentis
1238 1566 1395 1626 cocinaria
1418 1573 1502 1626 sunt.
1541 1561 1632 1625 Credi
1657 1582 1720 1624 non
1743 1567 1857 1644 potest,
1880 1562 2017 1625 eundem
2037 1563 2170 1645 impera·

385 1673 484 1732 torem
510 1669 620 1733 eodem
645 1676 786 1751 tempore
810 1688 851 1731 ex
874 1668 999 1731 foedere
1023 1688 1121 1732 naves
1145 1669 1183 1731 ab
1206 1670 1364 1732 foederata
1390 1689 1424 1732 re
1453 1669 1579 1751 publica
1605 1669 1766 1751 postulare
1799 1677 1895 1751 atque
1929 1674 2036 1730 contra
2059 1668 2170 1730 foedus

385 1794 483 1838 nares
508 1776 651 1857 ejusdem
675 1777 721 1838 rei
743 1774 889 1858 publicae
911 1782 1050 1839 retentas
1074 1777 1113 1838 ad
1138 1776 1256 1839 bellum
1279 1775 1455 1859 gerendum
1480 1777 1646 1837 iustmere.
1688 1775 1797 1838 Altera
1820 1793 1861 1837 ex
1884 1782 1972 1857 parte
1992 1795 2055 1837 non
2079 1775 2170 1837 intel·

384 1882 471 1963 lego,
503 1902 561 1944 cur
583 1882 782 1963 Schaeterus,
816 1883 872 1964 qui
899 1892 994 1945 reete·
1012 1882 1093 1945 hano
1120 1884 1316 1963 contionem,
1349 1902 1446 1966 quam
1465 1880 1661 1943 ‘Plutarchus
1689 1881 1786 1943 Phoc.
1811 1900 1836 1944 c.
1861 1883 1912 1943 21.
1937 1890 2170 1957 commemorat,

385 2007 459 2050 curn
484 1987 584 2051 Curtii
607 1987 713 2051 verbis
737 2008 833 2071 supra
851 1989 953 2053 allatis
977 1988 1185 2070 conjunxisse
1208 1989 1348 2068 ridetur,
1376 2009 1445 2052 earn
1476 2007 1560 2051 anno
1590 1987 1718 2050 demum
1748 1989 1907 2051 tricesimo
1935 1988 2034 2051 altero
2057 1989 2170 2051 factam

386 2114 456 2158 esse
480 2096 631 2157 statuerit.
678 2093 712 2157 Si
735 2115 809 2159 vere
832 2097 906 2157 anni
931 2097 1083 2159 tricesimi
1106 2097 1189 2159 tertii
1213 2116 1312 2159 naves
1340 2094 1378 2158 ab
1402 2095 1585 2158 Alexandro
1613 2096 1783 2177 imperatae
1812 2101 1902 2174 sunt,
1929 2096 2068 2157 maxime
2100 2115 2172 2177 pro·

386 2199 488 2262 babile
511 2207 572 2281 est,
596 2203 777 2264 contionem
800 2202 936 2265 Athenis
959 2209 1077 2266 aestate
1100 2203 1243 2283 ejusdem
1271 2203 1346 2265 anni
1374 2202 1487 2264 factam
1517 2221 1595 2265 esse.
1642 2201 1788 2264 Fortasse
1816 2202 1848 2264 id
1877 2221 2006 2284 quoque
2034 2209 2171 2264 colume-

384 2307 574 2370 morandum
599 2313 661 2387 est,
684 2308 931 2372 Atheniensium
954 2309 1074 2392 legatos
1099 2309 1254 2372 Gordium
1280 2310 1321 2372 ad
1343 2309 1564 2371 Alexandrum
1587 2309 1730 2389 venisse,
1758 2310 1814 2392 qui
1837 2308 1998 2392 petebant,
2026 2315 2062 2369 ut
2086 2309 2171 2370 cives

384 2413 609 2490 Athenienses,
638 2416 695 2497 qui
717 2435 774 2498 pro
799 2413 905 2478 Persis
925 2423 1109 2498 ‘pugnantes
1133 2417 1167 2478 in
1191 2436 1299 2498 pugna
1331 2417 1369 2478 ad
1395 2415 1568 2478 Granicum
1600 2413 1723 2477 flumen
1756 2416 1926 2477 commissa
1957 2415 2039 2497 capti
2072 2420 2172 2493 erant,

384 2518 500 2582 liberos
524 2520 703 2602 dimitteret,
731 2522 785 2585 sed
810 2521 968 2604 repulsam
998 2522 1124 2600 tulisse3
1149 2523 1186 2584 cf.
1210 2524 1334 2585 Arrian.
1359 2522 1385 2603 l,
1409 2524 1461 2602 29,
1486 2523 1515 2599 5,
1539 2521 1623 2583 (lurt.
1648 2519 1807 2601 111,1‚9.
1860 2521 2035 2602 (lonjectari
2059 2528 2170 2603 potest,

383 2627 597 2689 Athenienses
621 2627 736 2690 haere
759 2629 854 2691 iratos
878 2626 1102 2690 Demosthenis
1126 2634 1157 2692 et
1179 2629 1352 2712 Hyperidis
1376 2629 1565 2692 sententiam
1590 2635 1718 2690 secutos
1746 2646 1823 2691 esse.
1869 2626 1991 2690 Deinde
2015 2637 2170 2691 autumno

384 2733 526 2814 ejusdem
551 2735 626 2795 anni
650 2733 854 2817 Hegelochus
877 2736 987 2816 classe,
1011 2755 1107 2817 quarn
1132 2754 1172 2799 ex
1196 2736 1267 2799 aliis
1291 2735 1419 2799 Graecis
1442 2734 1576 2797 urbibus
1600 2742 1837 2816 comparaverat
1853 2771 1890 2778 —
1913 2734 1946 2796 cf
1967 2735 2089 2796 Arrian.
2106 2736 2170 2814 2,4

356 2845 358 2848 ’
386 2877 424 2885 -
447 2842 692 2921 Aristomenem,
715 2840 884 2903 Persarum
909 2841 1039 2921 ducem,
1065 2842 1103 2904 ad
1127 2841 1327 2924 Hellesponti
1351 2860 1439 2903 oram
1463 2841 1618 2920 devicit2).
1659 2839 1739 2902 Tum
1765 2841 1892 2921 navigia
1915 2840 2171 2921 Atheniensium,

386 2968 468 3030 quae
491 2954 647 3011 autumno
671 2947 816 3009 Athenas
839 2967 880 3010 ex
904 2947 1008 3010 Ponto
1031 2947 1287 3028 revertebantur,
1318 2947 1435 3010 Tenedi
1457 2949 1604 3028 retinuit,
1636 2947 1691 3010 sed
1720 2966 1773 3009 eas
1801 2947 1942 3026 demisit,
1974 2966 2047 3008 cum
2072 2947 2170 3010 Athe
2243 2941 2247 2948 ’

384 3056 512 3117 nienses
535 3056 642 3117 statim
665 3054 799 3116 classem
824 3054 1034 3117 ducentarum
1058 3056 1190 3118 navium
1212 3056 1421 3134 instruerent,
1440 3055 1512 3135 jure
1536 3055 1666 3134 timens,
1690 3072 1730 3115 nc
1754 3052 1971 3115 dominatione
1994 3055 2090 3115 uraris
2114 3055 2169 3115 vix

383 3169 486 3244 parta,
509 3163 537 3225 si
560 3181 612 3225 eas
636 3161 807 3227 Persarum
831 3161 925 3224 classi
948 3160 1183 3242 adjunxissent,
1215 3181 1248 3224 se
1280 3163 1449 3244 privarent
1500 3160 1548 3223 Ita
1581 3179 1631 3223 res
1664 3178 1747 3222 anno
1780 3159 1939 3222 tn'cesinro
1968 3160 2058 3220 tertio
2090 3157 2170 3221 bene

384 3287 419 3330 se
442 3268 567 3331 habent.
619 3265 768 3350 Denique
791 3266 888 3330 verba
916 3268 935 3349 ᾖ
960 3268 1013 3348 25,
1040 3286 1122 3350 quae
1150 3266 1294 3330 Blassius
1321 3267 1361 3329 ad
1387 3266 1509 3329 Thebas
1537 3267 1643 3329 refert:
1674 3267 1755 3335 ,τοῖς
1786 3287 1819 3344 γε
1847 3262 1930 3324 κατὰ
1954 3268 2012 3343 γῆν
2035 3264 2109 3345 πρὸς
2133 3268 2170 3350 τῇ

384 3373 567 3459 ὑπαρχούσῃ
591 3373 721 3454 δυνάμει
748 3372 813 3434 ἔστι
840 3371 994 3455 προβολὰς
1020 3377 1123 3452 ἑτέροις
1151 3377 1350 3452 ἰσχυροτέρας
1381 3373 1549 3453 οὐρίοθαοί
1582 3392 1645 3435 non
1679 3373 1788 3435 minus
1820 3379 1905 3435 recte
1928 3372 1966 3434 ad
1992 3371 2171 3455 Spartiatae,

383 3483 630 3546 Atheniensium
655 3482 769 3558 socios,
791 3481 899 3544 referri
922 3488 1066 3563 possunt
1107 3480 1221 3563 Neque
1240 3482 1349 3544 minus
1367 3481 1478 3543 cadere
1497 3481 1529 3542 in
1550 3480 1627 3542 haec
1646 3485 1789 3561 tempora
1812 3477 1908 3541 verba
1932 3479 1950 3560 ᾖ
1976 3480 2030 3539 25;
2056 3476 2171 3546 ,ἄλλως

384 3611 412 3650 τε
439 3587 494 3648 καὶ
518 3591 722 3667 πεπαυμένων
746 3586 805 3646 ὑπὸ
828 3591 881 3662 τῆς
900 3587 992 3665 τύχης
1012 3591 1067 3646 τῶν
1084 3586 1357 3668 δορυφορουμένων
1378 3585 1436 3647 ὑπὸ
1456 3590 1511 3646 τῶν
1530 3589 1720 3666 τυραννικῶν
1738 3582 1977 3665 οτρατοπε’ὂων,“
1997 3605 2069 3648 cum
2090 3587 2170 3668 Agis

384 3716 470 3760 arma
498 3700 608 3757 contra
635 3692 823 3756 Macedones
851 3701 988 3776 caperet,
1022 3714 1117 3776 quarn
1151 3714 1225 3757 oum
1253 3693 1392 3757 Thebani
1419 3694 1458 3756 ad
1492 3693 1610 3756 bellurn
1639 3696 1858 3772 coorerentur,
1886 3693 1950 3772 jam
1985 3692 2170 3756 Schaeiems

383 3824 453 3887 pag.
480 3803 541 3864 192
566 3808 650 3864 recte
670 3801 834 3881 judicavit.
1564 3781 1581 3788 ’

490 3908 601 3971 Restat
623 3913 660 3969 ut
684 3907 721 3970 de
744 3915 905 3989 postrema
928 3906 967 3970 ab
991 3913 1112 3970 oratore
1135 3906 1229 3969 allata
1250 3926 1285 3970 re
1304 3907 1464 3989 judicium
1487 3905 1693 3989 proferamus.
1727 3904 1947 3988 Comperimus
1966 3907 1984 3986 ξ
2005 3906 2046 3967 26
2069 3926 2171 3988 nuper

384 4016 595 4081 Macedonum
621 4016 781 4077 triremem
805 4014 955 4077 Piraeum
979 4015 1122 4093 intrasse,
1146 4014 1239 4094 cujus
1264 4013 1330 4076 dux
1355 4013 1394 4075 ab
1414 4012 1667 4076 Atheniensibus
1690 4018 1820 4094 peteret,
1843 4019 1879 4074 ut
1903 4011 1962 4074 sibi
1986 4012 2103 4093 liceret,
2127 4012 2169 4075 ibi

383 4144 482 4208 parra
505 4123 631 4203 navigia
656 4120 828 4183 aedificare.
870 4120 1091 4199 Schaeferusil
1116 4127 1148 4183 et
1166 4119 1400 4200 aroyseniuse
1424 4126 1508 4183 recte
1531 4119 1612 4181 hanc
1635 4138 1702 4181 rom
1726 4119 1764 4180 ad
1788 4119 1867 4180 illud
1891 4128 2017 4201 tenipus
2042 4120 2170 4182 rettule-

383 4238 470 4311 runt,
493 4249 567 4292 cum
586 4228 775 4291 Macedones
800 4229 888 4291 omni
912 4228 1006 4289 modo
1029 4227 1223 4307 nitebantur,
1246 4226 1409 4306 utPersas
1432 4246 1472 4290 ex
1497 4227 1712 4308 mariAegaeo
1732 4225 1824 4308 plane
1849 4225 2048 4307 depellerent.
2087 4225 2169 4288 Nam

383 4343 457 4402 ante
481 4355 601 4399 annum
623 4336 818 4397 tricesimum
844 4340 1003 4416 quartum,
1028 4335 1095 4398 sive
1119 4354 1202 4397 anno
1227 4340 1330 4414 sexta,
1353 4335 1421 4396 sive
1445 4334 1569 4415 quinto,
1592 4337 1674 4394 certe
1698 4331 1770 4394 talis
1790 4350 1850 4410 ree,
1874 4351 1937 4412 qua
1958 4332 2170 4395 Athenienses

383 4453 415 4510 et
438 4445 550 4508 foedus
573 4441 853 4503 vehementissime
874 4440 1081 4521 violabantur,
1105 4440 1179 4503 belli
1199 4440 1391 4522 suscipiendi
1411 4460 1507 4502 causa
1529 4439 1651 4519 fuisset,
1675 4438 1706 4499 id
1731 4437 1817 4521 quod
1842 4457 1882 4500 ne
1905 4438 1955 4500 his
1975 4439 2169 4522 temporibus

382 4553 482 4630 fieret,
505 4548 726 4613 Alexandrum
749 4549 836 4610 omni
859 4549 954 4610 modo
979 4548 1191 4630 prohibuisse,
1219 4566 1316 4629 snpra
1339 4547 1559 4630 exposuimus.
1607 4543 1806 4626 Droysenius
1834 4550 1944 4627 argute
1968 4544 2028 4606 hoc
2050 4545 2168 4607 factum

383 4679 459 4722 eum
483 4655 680 4720 antecedenti
704 4656 877 4738 conjungit,
901 4654 1063 4736 simulque
1083 4653 1178 4717 verba
1202 4653 1339 4733 ascribit,
1362 4671 1444 4735 quae
1468 4654 1501 4714 in
1511 4653 1724 4715 Anaximenis
1741 4652 1851 4734 fragm.
1874 4653 1912 4713 17
1937 4651 2009 4713 libri
2029 4653 2170 4731 secundi,

493 4850 575 4911 1101.
596 4850 684 4914 etiarn,
709 4865 777 4915 quaa
801 4848 960 4902 Schacierus
984 4848 1017 4900 de
1040 4847 1205 4912 Menestheo,
1231 4845 1439 4898 Atheniensium
1463 4846 1544 4911 duce,
1564 4845 1584 4900 l.
1605 4863 1662 4913 pag.
1685 4847 1735 4898 146
1754 4849 1780 4897 ct
1802 4846 1850 4897 153
1869 4848 1896 4896 et
1916 4861 2009 4912 proxx.
2030 4848 2056 4896 et
2075 4844 2124 4912 HI,
2146 4848 2168 4900 l.

383 4957 443 5010 pag.
464 4938 523 5004 162,
544 4941 556 4990 l
578 4937 711 5004 exposuit.

491 5028 518 5095 2)
538 5028 575 5082 cf.
597 5028 670 5081 Curt.
690 5027 737 5094 IV,
759 5028 782 5091 l,
801 5029 843 5094 36,
863 5026 996 5080 Schaefcr.
1016 5025 1066 5092 lll,
1087 5027 1109 5077 1.
1131 5041 1188 5093 pag.
1210 5025 1267 5079 160.
1306 5024 1428 5093 Droysen
1447 5023 1464 5077 l.
1484 5041 1507 5077 a.
1527 5040 1585 5092 pag.
1606 5024 1665 5075 274.

492 5118 519 5185 3)
539 5117 576 5171 Cf.
597 5116 647 5182 lll,
668 5118 690 5168 l.
710 5134 735 5184 p.
757 5117 815 5181 161,
834 5119 923 5169 annot.
944 5115 968 5166 2.

492 5208 519 5274 4)
539 5207 577 5260 cf.
597 5205 614 5258 1Ι
634 5223 656 5258 c.
677 5223 700 5273 p.
722 5204 782 5267 242,
802 5205 825 5257 2.
