5084 5984
1360 435 1453 441 ,-..
1467 436 1518 440 -
1574 399 1624 472 36
1680 436 1840 442 ,-.-..

702 609 775 673 bile
801 609 915 673 semel
941 616 1087 672 tantum
1110 629 1433 673 commemorasse.
1472 609 1586 692 ltaque
1609 609 1754 673 Blassius
1779 629 1909 693 qnoque
1932 630 2002 693 pag.
2024 611 2087 672 124
2102 609 2238 691 judicat,
2263 614 2428 671 oratorem
2452 610 2503 684 rei,

703 736 799 799 quam
825 715 884 778 sibi
909 717 1118 799 proposuerit,
1140 723 1178 779 ut
1196 716 1314 779 bellum
1334 723 1444 779 contra
1463 716 1683 780 Alexandrum
1708 724 1858 796 moveret,
1881 717 1971 779 nullo
1996 716 2089 779 modo
2112 735 2223 799 parem
2243 734 2331 795 esse,
2355 721 2389 778 et
2410 715 2502 799 paulo

701 829 775 905 post
798 823 959 885 huminem
984 843 1050 885 non
1075 824 1205 885 maximi
1229 824 1350 906 ingenii
1375 823 1457 887 dicit.
1509 822 1665 905 Equidem
1691 825 1747 884 vix
1776 824 1855 886 milri
1878 824 2069 906 persuadere
2090 842 2242 906 possum,
2266 828 2432 885 oratorem
2454 823 2501 886 rel

702 930 854 992 minimae
873 929 997 1006 indolis,
1018 930 1125 1011 quiin
1147 929 1224 1011 ipsis
1242 929 1340 1010 hujus
1360 931 1511 1012 temporis
1531 929 1624 993 rebus
1644 928 1843 1009 verbabatur,
1866 930 1911 991 ita
1928 935 2187 1012 argumentatum
2207 947 2291 1009 esse,
2318 934 2358 992 ut
2377 949 2501 992 summa

703 1043 734 1098 et
752 1035 936 1098 firmissima
955 1041 986 1098 et
1004 1036 1152 1117 proxima
1170 1042 1366 1118 argumenta
1381 1035 1560 1099 Thebarum
1580 1035 1938 1114 excidium,Alexandri
1956 1036 2167 1117 longinquam
2186 1035 2499 1119 absentium,Agidis

701 1142 904 1205 rebellionem
925 1143 1194 1224 praetermitteret.
1232 1140 1280 1204 Ita
1308 1144 1407 1204 oratio
1436 1145 1553 1205 mirum
1582 1144 1616 1205 11
1643 1143 1774 1204 modum
1804 1162 1877 1204 cum
1906 1148 2086 1224 temporum
2115 1142 2305 1206 conditione
2336 1143 2498 1226 discrepat,

703 1247 837 1332 quibus,
860 1249 886 1311 si
911 1267 972 1328 res,
995 1268 1075 1330 quas
1098 1249 1167 1331 ipse
1190 1254 1294 1310 orator
1316 1248 1415 1326 affert,
1437 1250 1618 1312 accuratius
1642 1248 1893 1328 consideramus,
1915 1267 1984 1311 eam
2009 1247 2145 1311 habitam
2170 1268 2243 1313 esse
2266 1268 2454 1314 censemus

1439 1424 1555 1509 Caput
1578 1428 1762 1510 quartum.
1854 1394 1857 1401 ’

809 1567 976 1631 Accedunt
994 1568 1073 1631 aliae
1093 1587 1152 1647 111,
1176 1586 1258 1649 quaa
1282 1569 1496 1651 suspicionem
1522 1575 1669 1643 movent.
1697 1567 1770 1631 dam
1795 1566 1964 1630 scholiasta
1986 1569 2158 1651 perspexit,
2181 1569 2330 1633 multum
2349 1572 2496 1638 interesse

702 1677 785 1740 inter
812 1675 895 1737 hanc
924 1675 1098 1737 orationem
1127 1680 1158 1738 et
1181 1675 1258 1737 alias
1283 1676 1462 1753 contiones,
1489 1694 1563 1738 cnm
1592 1675 1723 1738 diceret:
1749 1673 1919 1754 ‚aadyoan
1941 1673 1971 1734 δὲ
1995 1673 2042 1734 ὅτι
2066 1679 2120 1734 τοῦ
2142 1679 2307 1737 πολιτικοῦ
2330 1675 2427 1758 λόγου
2447 1679 2496 1738 καὶ

702 1780 847 1862 γοργότης
869 1778 925 1839 καὶ
949 1779 1101 1860 τραχύτης
1123 1780 1179 1839 καὶ
1202 1779 1241 1841 τὰ
1266 1779 1418 1861 spartaci,
1445 1787 1477 1839 iv
1505 1779 1601 1855 τούτῳ
1629 1779 1658 1840 δὲ
1687 1779 1765 1840 πολὺ
1794 1779 1827 1839 τὸ
1850 1782 2130 1861 άναβεβλημίνον.“
2181 1784 2311 1866 Atque,
2341 1794 2381 1848 ut
2408 1805 2496 1869 supra

703 1889 857 1971 1111111111,
885 1887 1049 1970 exposuit,
1077 1892 1173 1949 totam
1199 1889 1373 1950 orationem
1403 1887 1676 1950 11111111111111
1705 1887 1875 1950 obductam
1904 1906 1983 1950 esse.
2028 1887 2142 1970 Neque
2165 1890 2247 1952 ratic
2273 1910 2356 1954 eum
2384 1890 2494 1956 fefellit.

702 1995 754 2059 Ex
778 1997 827 2075 111,
850 2013 932 2078 quae
956 2013 1054 2075 supra
1078 1993 1115 2057 de
1139 1993 1344 2076 dispositione
1368 2003 1399 2056 et
1417 1994 1594 2056 elocutione
1613 2000 1644 2057 et
1667 2000 1846 2077 temporum
1869 1995 2050 2057 conditione
2073 1994 2386 2080 demonstravimus,
2403 2000 2495 2062 mani·

608 2123 610 2126 ·
701 2103 819 2166 testum
848 2105 910 2180 111,
938 2098 1035 2162 rerba
1058 2106 1121 2162 tam
1145 2100 1269 2163 infinite
1292 2100 1331 2162 ab
1359 2107 1479 2163 oratore
1503 2101 1605 2183 posita
1634 2119 1718 2180 esse,
1746 2101 1987 2182 orationemque
2014 2107 2078 2164 tam
2107 2107 2192 2164 certo
2222 2104 2371 2185 quodam
2400 2106 2494 2168 colore

703 2227 816 2287 carere,
839 2213 881 2271 ut
900 2207 987 2288 jure
1007 2205 1240 2286 dubitemne,
1267 2212 1396 2270 utrum
1422 2209 1472 2270 sit
1496 2208 1672 2269 suasoria
1700 2226 1738 2267 11
1761 2225 1850 2268 1111
1873 2206 1916 2268 ad
1944 2207 2127 2289 populum
2151 2208 2300 2292 habita,
2333 2232 2381 2274 an
2404 2212 2493 2274 falsa

703 2321 739 2379 11
762 2313 805 2377 ab
829 2314 979 2376 rhetore
1002 2311 1102 2374 licta
1148 2297 1268 2375 Eadem
1298 2313 1335 2376 de
1364 2334 1461 2376 cansa
1488 2320 1518 2375 ct
1546 2311 1733 2375 Schaeferus
1762 2319 1793 2375 et
1820 2311 1966 2375 Blassius
1995 2314 2075 2378 duas
2103 2322 2213 2378 contra
2241 2317 2492 2401 Aristogitonem

703 2422 862 2485 orationes
890 2418 1101 2482 Demostheni
1128 2419 1407 2500 abjudicaverunt,
1434 2419 1559 2481 falsario
1587 2418 1838 2494 attribuerunt1).
1889 2418 1999 2482 Altera
2026 2439 2068 2483 ex
2098 2427 2187 2503 parte
2215 2440 2295 2486 cum
2326 2423 2388 2487 hac
2415 2438 2493 2487 rere

703 2528 831 2606 cundia,
855 2547 920 2609 qua
943 2533 1054 2588 auctor
1077 2527 1109 2587 in
1135 2525 1268 2588 dicendo
1293 2527 1406 2606 utitur,
1428 2527 1568 2588 maxime
1592 2525 1693 2588 multa
1715 2531 1746 2587 et
1769 2525 1908 2587 efficacia
1931 2533 1962 2589 et
1984 2545 2119 2590 nervosa
2137 2527 2235 2592 verba
2259 2536 2294 2592 et
2319 2537 2492 2594 1111111111

703 2639 857 2718 pugnant,
882 2652 964 2715 qnae
983 2653 1079 2715 supra
1102 2632 1278 2695 attulimus.
1326 2631 1396 2708 Qua
1419 2653 1452 2696 re
1475 2633 1574 2695 altera
1596 2631 1806 2714 discrepantia
1828 2638 1941 2696 exstat.

810 2739 891 2802 item
917 2745 982 2802 tota
1005 2740 1111 2814 oratio,
1135 2746 1172 2801 nt
1195 2758 1293 2822 supra
1316 2739 1538 2822 exposuimus,
1560 2737 1720 2801 anxic'ex
1745 2737 1868 2801 scholae
1891 2739 2011 2821 regulis
2034 2740 2185 2823 disposita
2209 2748 2268 2804 est.

810 2845 914 2920 Quid?
951 2845 1130 2909 Verborum
1150 2865 1250 2928 paene
1269 2846 1400 2927 puerilis
1419 2846 1534 2928 inopia,
1557 2865 1653 2928 quarn
1674 2865 1770 2928 supra
1789 2846 2061 2927 reprehendimus,
2083 2866 2191 2911 nonne
2212 2849 2342 2914 irritam
2367 2851 2487 2916 rhetoris

704 2954 902 3036 diligentiam
926 2953 1064 3015 indicat?
1696 2943 1700 2951 ’

809 3059 871 3122 Sed
893 3060 1049 3141 imprimis
1075 3065 1227 3140 quattuor
1249 3059 1304 3122 1111
1327 3060 1558 3142 epichiremate,
1583 3077 1664 3140 quae
1682 3059 1776 3141 plane
1799 3058 1911 3122 eodem
1937 3060 2031 3122 modo
2054 3060 2196 3140 formata,
2217 3060 2262 3142 id
2286 3064 2382 3145 quod
2405 3085 2491 3149 supra

703 3166 1006 3235 demonstravimus,
1039 3165 1188 3248 deinceps
1217 3185 1286 3229 sese
1314 3167 1493 3249 excipiunt,
1526 3165 1566 3227 ad
1598 3165 1738 3228 scholam
1766 3167 1872 3248 potius
1898 3185 1994 3247 qnam
2018 3165 2056 3228 ad
2080 3174 2181 3229 111111
2208 3187 2268 3231 111
2297 3189 2455 3235 vocamus
2464 3173 2490 3249 't

703 3270 922 3347 Quintilianus
940 3269 980 3350 V,
1007 3271 1058 3350 14,
1083 3273 1123 3332 32
1148 3272 1310 3354 expressis
1335 3273 1439 3335 verbis
1464 3278 1611 3351 testatur,
1639 3271 1714 3333 talia
1741 3273 1977 3353 enthymemata
2001 3309 2042 3318 -
2067 3272 2171 3336 dicere
2198 3273 2334 3339 ridetur
2363 3277 2403 3342 de
2428 3297 2491 3361 pro

702 3380 860 3462 positione
883 3396 920 3440 11
944 3377 1148 3440 conclusione
1172 3397 1212 3440 ex
1237 3379 1507 3460 consequentibns
1532 3387 1563 3441 11
1586 3377 1851 3462 repugnantibus,
1874 3378 1910 3442 cf.
1935 3377 2099 3442 Halmium
2124 3380 2162 3443 ad
2186 3381 2274 3444 hunc
2297 3382 2422 3466 locum,
2442 3385 2492 3467 qni

703 3491 876 3566 corruptus
905 3492 952 3546 est
979 3521 1017 3529 -
1048 3485 1175 3566 saepius
1203 3484 1241 3545 ab
1271 3483 1399 3548 Graecis
1428 3487 1581 3568 temperis
1608 3488 1674 3566 sui,
1707 3487 1762 3567 qui
1791 3504 1937 3567 perverse
1966 3505 2098 3569 magnos
2121 3494 2261 3551 oratores
2284 3490 2492 3570 imitarentur,

703 3591 807 3654 efficta
830 3597 926 3673 atque
949 3592 1033 3653 inter
1057 3609 1091 3653 se
1114 3609 1260 3652 connexa
1282 3594 1393 3670 esset).
1440 3591 1477 3654 ln
1502 3594 1561 3654 hac
1585 3595 1725 3655 oratione
1748 3592 1915 3655 nonnullis
1937 3593 2015 3656 locis
2042 3595 2111 3675 ipsa
2133 3593 2250 3657 indicia
2272 3596 2492 3675 inveniuntur,

705 3717 787 3780 quae
809 3716 883 3780 prae
908 3716 941 3759 se
964 3696 1080 3776 terunt,
1104 3703 1300 3788 quantopere
1323 3705 1433 3760 auctor
1452 3719 1578 3781 operam
1599 3700 1730 3778 dederit,
1753 3717 1793 3760 ne
1812 3701 2043 3782 argumentatio
2063 3720 2103 3763 ex
2123 3700 2199 3763 ullis
2217 3701 2405 3768 dialecticae
2424 3707 2491 3768 artis

702 3806 877 3888 praeceptis
901 3805 934 3865 in
959 3805 1207 3866 controversiam
1231 3805 1338 3890 vocari
1361 3806 1469 3887 possit.
1515 3805 1564 3868 111
1587 3805 1683 3868 verba
1711 3807 1729 3886 ᾗ
1752 3807 1805 3867 11;
1836 3806 1942 3886 ,,ἡμεῖς
1971 3805 2000 3866 δὲ
2026 3811 2078 3880 τῆς
2104 3805 2226 3885 εἰρήνης
2247 3813 2424 3890 μετέχομεν
2446 3814 2492 3884 τῆς

703 3909 954 3991 προσταττούσης
982 3912 1144 3988 πολεμίους
1172 3910 1318 3988 {peluem
1348 3910 1416 3977 τοὺς
1444 3915 1542 3970 ταῦτα
1568 3912 1788 3991 spartanae&
1815 3913 1859 3993 ei,
1887 3914 1943 3995 qui
1971 3914 2188 3995 contionatur,
2211 3917 2380 3999 superflua
2402 3927 2492 4002 utque

703 4020 823 4101 inepta,
852 4018 889 4096 ei,
918 4017 974 4098 qui
1004 4017 1110 4078 stricte
1140 4025 1390 4099 argumentatur,
1413 4021 1589 4081 necessaria
1613 4027 1697 4082 sunt
1748 4019 1861 4082 Eidem
1895 4020 2002 4083 studio
2031 4021 2229 4084 attribuerim
2258 4024 2360 4088 verba
2391 4034 2492 4089 coacta

703 4127 721 4205 ξ
745 4125 799 4186 17:
829 4121 896 4192 „dn
918 4121 997 4182 εἰσὶν
1019 4130 1053 4181 αἱ
1077 4122 1300 4184 Μακεδονικαί
1320 4131 1387 4208 (pro
1411 4131 1442 4184 οἱ
1465 4125 1694 4209 Μακεδόνες);“
1718 4134 1864 4203 accurate
1887 4127 1992 4190 rolnit
2014 4135 2119 4190 orator
2142 4128 2220 4192 haec
2242 4129 2344 4194 rerba
2367 4151 2491 4215 respon·

704 4231 779 4293 dere
811 4229 916 4292 verbis
948 4229 1194 4312 complexionis:
1229 4229 1413 4299 ,,ἔκσπονδοι
1448 4232 1524 4311 ἡμῖν
1561 4232 1633 4299 sicin
1664 4227 1760 4293 αὗται
1792 4239 1827 4292 αἱ
1864 4232 1964 4299 πόλεις
1996 4240 2031 4293 αἱ
2060 4239 2159 4294 ταῦτα
2192 4235 2492 4317 dtameupayus'mr‘t

704 4335 821 4398 Contra
853 4336 906 4397 alii
938 4336 972 4398 in
1005 4337 1146 4398 oratione
1179 4338 1240 4400 loci
1273 4338 1440 4421 leguntur,
1478 4341 1533 4422 qui
1567 4360 1641 4403 cum
1680 4342 1757 4422 ipsis
1786 4340 1967 4403 dialecticae
1999 4342 2076 4403 artis
2112 4341 2164 4403 hic
2201 4347 2265 4404 tam
2299 4345 2413 4408 stricte
2442 4345 2493 4408 ob

705 4443 840 4505 serratis
868 4442 987 4525 regulis
1016 4452 1168 4525 pugnant.
1220 4445 1269 4508 lta
1297 4444 1399 4508 Blass
1420 4447 1494 4527 jure
1522 4447 1769 4528 disjunctionem
1797 4449 1830 4509 in
1859 4449 2019 4530 prooemis
2047 4447 2066 4528 ξ
2091 4449 2110 4509 2
2134 4449 2352 4531 reprehendit:
2387 4454 2448 4521 ,,ἳν’
2476 4452 2493 4526 ἢ

703 4547 823 4614 ἑκόντες
846 4546 1044 4628 ἀδικούμενοι
1068 4553 1217 4627 άνίχηςθε
1248 4549 1301 4609 καὶ
1330 4551 1409 4611 αὐτὸ
1435 4557 1522 4612 τοῦτο
1540 4556 1715 4631 χαρίζησθε
1746 4559 1785 4627 τῷ
1806 4553 1963 4613 ἀδικοῦντι
1986 4554 2007 4626 ἢ
2030 4553 2228 4633 προελόμενοι
2256 4554 2325 4634 περὶ
2356 4562 2494 4621 πλείστου

704 4654 906 4729 ποιήσασθαι
925 4652 960 4713 τὸ
978 4653 1101 4714 δίκαιον
1119 4657 1309 4735 ἀνεγκλήτως
1328 4657 1403 4738 πρὸς
1422 4658 1566 4726 ἅπαντας
1579 4663 1702 4739 χρῆσθε
1725 4665 1763 4734 τῷ
1779 4665 1994 4741 συμφέροντω(
2026 4659 2108 4723 Nam
2129 4663 2278 4728 examine
2296 4664 2496 4746 (ἐξετασμός),

812 4849 838 4915 l)
858 4847 896 4902 cf.
918 4847 1004 4901 Blass.
1024 4848 1074 4914 ill,
1096 4850 1106 4900 l
1130 4867 1188 4916 pag.
1209 4850 1258 4904 361
1280 4856 1307 4903 11
1327 4855 1356 4904 Α.
1377 4852 1503 4905 Schaeter
1521 4852 1571 4920 111,
1592 4853 1616 4921 2,
1637 4854 1695 4907 123.

811 4937 838 5005 2)
858 4936 896 4990 Ct.
916 4936 1077 4992 Volkmann.
1097 4938 1114 4991 l.
1136 4956 1158 4990 c.
1179 4955 1237 5005 pag.
1259 4942 1317 5006 155,
1338 4940 1496 5005 Quintilian.
1516 4941 1550 5007 V,
1572 4944 1612 5003 14,
1633 4943 1673 4994 27.

810 5028 836 5093 3)
856 5024 1006 5090 Quintilian
1026 5026 1059 5093 V,
1081 5028 1121 5090 14,
1142 5028 1188 5079 32:
1217 5027 1308 5094 „Quae
1327 5032 1549 5098 tenthymemata)
1577 5032 1710 5099 adprensa
1733 5031 1828 5084 Graeci
1856 5034 1943 5100 magis
1967 5034 1995 5087 in
2019 5038 2126 5088 catenas
2149 5035 2236 5102 ligant
2257 5040 2285 5090 et
2308 5037 2495 5108 inexplicabili

704 5115 774 5168 serie
793 5120 938 5167 conectunt
956 5118 983 5167 11
1002 5116 1154 5168 indubitata
1178 5115 1308 5183 colligunt
1327 5126 1353 5171 et
1372 5120 1486 5186 probant
1504 5121 1627 5173 contessa
1645 5125 1673 5173 et
1691 5137 1720 5173 se
1738 5122 1859 5189 antiquis
1878 5139 1926 5190 per
1944 5123 1995 5176 hoo
2015 5123 2119 5177 similes
2140 5129 2244 5191 vocant,
2265 5127 2363 5182 deinde
2380 5130 2495 5185 interro-

703 5203 758 5272 gati
778 5219 925 5271 numquam
947 5205 1153 5272 respondebunt,
1174 5221 1252 5272 quem
1274 5205 1439 5260 inritentur·.“
