5084 5984
1031 445 1189 453 --m
1247 412 1295 485 25
1352 446 1511 454 --.-..

382 628 525 706 posteros
542 659 582 666 —
594 621 631 683 cf.
652 629 786 684 stemma
809 642 828 683 a
848 619 1037 702 Droysenic,
1055 642 1124 704 pag.
1136 623 1199 683 372
1215 623 1412 704 propositum
1426 660 1464 668 -
1486 623 1524 686 ab
1534 624 1718 686 Alexandro
1738 625 1898 705 petivisse,
1917 629 1953 686 ut
1972 624 2031 686 sibi
2050 625 2172 687 reditus

385 731 523 808 daretur,
547 748 621 790 cum
640 729 673 789 in
693 727 877 790 Eresiorum
898 728 1056 809 judicium
1077 730 1185 791 venire
1210 729 1308 811 parati
1327 737 1442 791 essent.
1480 730 1688 794 Plebiscitum
1708 731 1746 792 de
1765 730 1823 792 hac
1842 750 1876 794 re
1896 730 2014 793 factum
2034 751 2060 792 a.
2081 751 2110 791 r.
2129 731 2169 792 41

381 838 415 899 in
441 836 587 899 inferiore
610 845 698 918 parte
717 834 830 917 lapidis
849 844 926 914 erat,
949 835 1004 897 sed
1028 854 1101 897 cum
1120 834 1223 896 multa
1243 833 1380 916 abrupta
1398 837 1472 911 sint,
1495 857 1560 900 non
1579 844 1691 900 exstat.
1730 835 1864 911 Quando
1884 836 1944 898 hoc
1963 837 2081 900 factum
2101 836 2171 900 cst?

382 941 540 1022 Droysen.
559 943 591 1003 id
611 950 737 1024 tenipus
757 941 913 1023 proponit,
937 960 1001 1021 quo
1012 940 1195 1002 Alexander
1215 939 1372 1022 Olympiis
1391 960 1447 1022 pcr
1466 941 1656 1005 Nicanorem
1675 943 1824 1006 omnibus
1843 942 2012 1005 exsulibus
2032 942 2170 1005 reditum

380 1050 573 1132 permiserat.
602 1047 663 1111 Sed
679 1049 752 1128 jure
770 1048 896 1129 aliquis,
915 1048 968 1110 cui
988 1048 1127 1110 edictum
1143 1047 1319 1110 Alexandri
1339 1068 1435 1131 supra
1454 1049 1585 1112 allatum
1605 1051 1635 1110 in
1657 1050 1812 1111 memoria
1830 1057 1887 1124 cst,
1906 1049 1990 1131 quod
2010 1049 2172 1127 omnibus,

380 1157 491 1237 paucis
516 1162 641 1217 tantum
665 1155 821 1237 exceptiS,
849 1153 1016 1217 exsulibus
1045 1154 1182 1216 reditum
1212 1153 1416 1234 concedebat,
1444 1155 1665 1238 interrogabit,
1692 1157 1806 1217 curin
1830 1155 1922 1218 titulo
1952 1156 2104 1236 scriptum
2130 1157 2172 1218 sit

380 1259 428 1322 ΒΙ
453 1281 482 1322 V.
509 1263 563 1323 35:
598 1264 797 1341 ἀᾳικομίνων
829 1259 903 1340 πρὸς
930 1258 1027 1319 αὐτὸν
1056 1263 1112 1318 τῶν
1139 1258 1286 1339 πρότερον
1315 1259 1472 1339 τυράννων
1500 1260 1663 1339 ἀπογόνων
1682 1259 1817 1339 Ἡρωίδα
1848 1282 1876 1320 τε
1906 1263 1945 1320 τῶ
1968 1265 2171 1340 repararem

380 1371 421 1425 τῶ
437 1367 571 1445 Ἡραείω
599 1367 655 1428 καί
671 1368 884 1448 Ἀγησιμίνεος
913 1370 953 1426 τῶ
968 1366 1170 1444 Ἑρμησιλείοι
1198 1389 1253 1426 και
1282 1366 1530 1444 ἐπαγγελλάντων
1559 1366 1634 1448 πρὸς
1653 1366 1860 1446 Ἁλέξανδρον,
1890 1365 1935 1426 ὅτι
1964 1367 2085 1449 ἕτοιμοί
2110 1375 2172 1430 ίντι

380 1472 471 1533 δίκαν
495 1474 635 1553 δπόσχην
658 1475 783 1534 πάντων
802 1478 856 1532 τῶν
879 1475 1094 1552 ε’γκαλημίνων
1113 1477 1145 1531 ἐν
1164 1476 1203 1532 τῶ
1223 1471 1320 1552 δάμω.
1357 1471 1438 1534 Nam
1458 1476 1564 1556 agitur
1587 1475 1625 1536 tle
1644 1476 1779 1556 posteris
1804 1481 2023 1556 tyrannorum,
2047 1496 2111 1539 non
2133 1477 2171 1540 tle

381 1583 525 1660 tyrannis
549 1583 637 1664 ipsis,
661 1589 757 1663 atque
777 1581 960 1662 judicamus
983 1598 1024 1642 cx
1044 1580 1137 1641 edicti
1157 1578 1271 1648 verbis,
1295 1599 1351 1661 pcr
1374 1599 1408 1642 sc
1432 1580 1471 1640 iis
1496 1580 1598 1642 redire
1622 1580 1751 1642 licuisse
1801 1583 1914 1662 Itaque
1939 1601 2012 1644 cunr
2032 1582 2170 1666 Sauppio

380 1708 451 1771 pag.
478 1690 519 1750 20
544 1707 642 1769 ponc,
665 1688 697 1749 id
721 1687 822 1750 multo
846 1685 1054 1749 verisimilius
1077 1691 1147 1746 tum
1170 1686 1289 1748 factum
1313 1704 1394 1766 esse,
1417 1705 1491 1748 cum
1516 1688 1705 1769 Agonippus
1730 1694 1888 1766 tyrannus
1912 1709 2005 1769 auno,
2030 1695 2066 1752 ut
2089 1689 2170 1754 infra

381 1793 680 1870 demonstrabimus
704 1795 865 1856 tricesimo
890 1799 1002 1874 quarto
1026 1791 1184 1874 expulsus
1208 1798 1270 1871 est,
1290 1811 1384 1873 quem
1407 1789 1606 1872 Droyseuius
1625 1794 1693 1874 ipsc
1711 1813 1779 1874 pag.
1796 1794 1859 1855 372
1884 1801 1968 1858 recte
1988 1797 2169 1878 suspicatus

381 1909 437 1979 cst,
453 1901 542 1963 nulla
557 1899 791 1962 necessitudine
807 1918 881 1960 curn
896 1898 1053 1981 prioribus
1068 1900 1212 1977 tyrannis
1223 1899 1373 1979 junctum
1387 1898 1496 1960 fuisse.
1520 1897 1600 1960 Tum
1618 1903 1747 1980 nepotes
1760 1898 1896 1961 aliorum
1907 1907 2114 1980 tyrannorum
2131 1905 2168 1966 ud

380 2008 603 2069 Alexandrum
623 2004 783 2087 supplices
801 2012 970 2084 venerunt,
988 2013 1084 2086 atquo
1104 2005 1266 2082 dixerunt,
1285 2024 1318 2067 se
1338 2006 1370 2066 in
1389 2003 1574 2067 Eresiorum
1590 2005 1749 2086 judicium
1769 2011 1923 2067 venturos
1942 2026 2020 2070 csse.
2051 2007 2169 2081 erintc

381 2113 449 2175 loco
470 2113 529 2175 sub
547 2112 643 2174 finem
659 2110 708 2173 Bl
728 2118 760 2173 ct
777 2111 810 2173 Il
829 2112 993 2192 v.1-33,
1011 2111 1065 2174 ubi
1089 2132 1190 2194 pauca
1214 2118 1339 2175 tantum
1359 2130 1376 2174 e
1395 2111 1499 2174 medic
1520 2111 1720 2187 exciderunt,
1738 2131 1836 2173 eausa
1853 2110 1992 2191 Erysilai
2011 2115 2170 2198 insculpta

380 2226 436 2280 est.
473 2218 570 2281 Sexto
594 2217 662 2280 loco
686 2218 826 2281 edictum
851 2218 1020 2281 Arrhidaei
1043 2218 1113 2298 fait,
1138 2220 1193 2301 qui
1216 2217 1400 2280 Alexandro
1424 2219 1458 2279 in
1482 2217 1666 2280 Macedonia
1690 2217 1891 2297 succedebat,
1915 2220 1966 2281 cui
1991 2238 2168 2302 cognomen

379 2324 546 2407 Philippus
571 2332 647 2404 erat,
670 2324 707 2386 cl.
726 2322 853 2389 Diodor.
878 2323 1003 2402 xvtn,
1028 2326 1061 2400 23
1087 2344 1150 2406 quc
1175 2343 1216 2386 ex
1240 2325 1341 2387 edicto
1352 2324 1528 2386 Alexandri
1551 2326 1585 2385 in
1609 2323 1738 2386 exsules
1757 2324 1878 2404 Judicia
1900 2330 1967 2387 rata
1991 2326 2168 2389 manebant.

379 2430 520 2512 Septimo
540 2431 609 2494 loco
629 2430 678 2492 ΙΙΙ
697 2450 803 2512 usquc
822 2429 975 2493 adfinem
996 2438 1028 2493 et
1046 2430 1103 2510 IV,
1121 2451 1150 2494 v.
1164 2432 1248 2492 1-3
1269 2431 1390 2494 litterae
1411 2430 1540 2492 traditae
1560 2435 1644 2509 sunt,
1664 2449 1744 2511 quas
1764 2432 1958 2512 Antigonus,
1979 2434 2032 2494 cui
2051 2452 2168 2516 coguo-

378 2557 452 2600 men
472 2546 539 2600 erat
555 2538 730 2614 Unoctdus,
749 2537 910 2621 (regnabat
929 2539 1022 2600 annis
1042 2538 1227 2616 soc-301)
1248 2537 1286 2598 ad
1306 2536 1433 2599 Ercsios
1451 2537 1550 2615 misit,
1569 2555 1610 2598 ex
1630 2537 1748 2617 quibus
1766 2539 1978 2619 perspicimus
1993 2540 2059 2619 jam
2078 2541 2168 2622 prius
2247 2580 2249 2583 .

379 2645 579 2724 Antigonum
608 2644 647 2705 ab
671 2643 790 2707 Eresiis
814 2644 978 2726 petivisse,
1007 2651 1042 2706 ut
1066 2644 1228 2726 Agonippi
1249 2643 1325 2705 filiis
1347 2642 1470 2705 reditus
1492 2644 1742 2725 permitteretur,
1771 2643 1899 2707 Erosics
1927 2645 2075 2728 precibus
2104 2666 2168 2708 non

379 2750 546 2812 obsecutos
565 2750 683 2831 legatos
703 2751 741 2813 ad
764 2750 854 2813 illurn
874 2751 1009 2813 misisse.
1047 2750 1183 2833 Reliqua
1203 2751 1329 2829 desunt,
1352 2756 1475 2811 tantum
1501 2749 1694 2812 vocabulum
1719 2750 1831 2812 salutis
1853 2751 2027 2832 ,,ίρῥιοσι9ε“
2048 2754 2082 2814 in
2105 2751 2168 2815 finc

379 2863 538 2920 serratum
564 2866 620 2919 est
667 2856 785 2920 Octavo
814 2863 846 2920 et
868 2864 1026 2939 postremo
1050 2857 1119 2919 loco
1146 2856 1350 2940 plebiscitum
1374 2854 1574 2936 llresicrnm,
1602 2856 1687 2939 quod
1717 2859 1838 2936 omnia,
1862 2877 1944 2939 quaro
1968 2859 2169 2938 antecedunt,

380 2964 627 3046 comprehendit,
649 2965 859 3047 perscriptum
879 2971 937 3043 est,
958 2963 1061 3046 legem
1086 2963 1334 3046 suprapositam
1361 2969 1391 3024 et
1410 2973 1518 3025 contra
1539 2972 1692 3044 tyrannos
1716 2970 1877 3025 eteorum
1902 2968 2044 3045 posteros
2067 2972 2166 3027 ratam

379 3090 457 3134 esse.
494 3070 531 3132 Iu
556 3069 619 3131 fine
643 3071 742 3132 totius
766 3070 934 3132 marmoris
954 3068 1169 3132 Kirclrhoffius
1192 3077 1277 3133 rcctc
1301 3071 1493 3152 suspicatur,
1516 3070 1736 3151 magistratum
1758 3071 1917 3152 quendam
1938 3070 2067 3151 jussum
2088 3090 2168 3150 esse,

378 3178 434 3240 has
453 3179 573 3240 litteras
592 3175 735 3258 publicus
754 3177 904 3237 marmori
923 3175 1095 3238 inscribere
1115 3183 1283 3239 etcertum
1303 3176 1522 3238 drachmarum
1544 3162 1715 3237 naturarum
1735 3177 1768 3237 in
1785 3176 1866 3239 hanc
1885 3196 1951 3238 rem
1968 3195 2165 3240 consumere.

486 3284 569 3359 Qutu
593 3302 633 3346 ex
664 3282 714 3343 his
742 3282 843 3345 titulis
871 3281 1008 3345 officitur
1039 3283 1077 3344 ad
1110 3283 1259 3345 orationis
1288 3289 1415 3365 tempus
1448 3283 1626 3344 accuratius
1660 3281 1900 3345 definiendum?
1954 3281 2166 3362 Tyrannidem

379 3390 574 3473 temporibus
599 3389 672 3453 belli
697 3388 794 3466 illius,
817 3389 904 3472 quod
928 3389 1005 3452 sccii
1028 3408 1102 3452 curn
1126 3390 1379 3452 Atheniensibus
1404 3390 1497 3450 aunis
1522 3388 1696 3450 aci-355
1719 3389 1886 3471 gerebant,
1909 3391 1942 3451 in
1969 3389 2061 3468 urbe,
2085 3408 2167 3471 quae

378 3504 471 3560 autea
494 3498 651 3559 societatis
676 3498 800 3558 Atticae
829 3499 922 3558 ctiam
952 3495 1084 3557 alterius
1112 3497 1268 3579 particeps
1296 3497 1411 3578 luerat,
1439 3496 1643 3558 constitutam
1668 3514 1738 3558 esse
1762 3503 1794 3558 et
1816 3493 1971 3576 Droysen.
1995 3502 2026 3558 et
2049 3495 2165 3579 Saupp.

378 3605 617 3685 conjecerunt1)
664 3602 726 3665 Hic
748 3604 798 3664 vir
821 3603 1035 3681 doctissimus
1058 3601 1228 3684 Sauppins,
1251 3605 1453 3685 argutissime
1477 3608 1640 3682 tyrannos,
1665 3602 1721 3683 qui
1745 3621 1774 3663 v.
1798 3601 1823 3681 I,
1848 3602 1888 3664 37
1913 3611 1945 3664 ct
1967 3601 2026 3682 lV,
2051 3604 2100 3681 19,
2124 3604 2165 3665 20

377 3718 682 3789 commemorantur,
715 3711 882 3792 conjungit
910 3728 985 3770 cum
1013 3708 1099 3787 loco,
1132 3711 1187 3791 qui
1216 3711 1300 3792 apud
1328 3709 1536 3772 Plutarchum
1564 3708 1633 3770 adr.
1654 3708 1783 3770 Coloten
1812 3728 1880 3791 pag.
1903 3709 1997 3770 1126.
2034 3708 2067 3771 F.
2090 3710 2166 3792 legi·

376 3818 464 3896 tur-2)
498 3825 529 3879 ot
566 3835 640 3878 cunr
674 3815 771 3878 adtero
804 3818 838 3878 in
872 3816 1010 3897 dialogo,
1042 3817 1095 3877 cui
1127 3815 1320 3878 Plutarchus
1353 3817 1527 3898 inscripsit:
1563 3813 1634 3885 „dn
1665 3813 1733 3873 οὐδὲ
1767 3817 1821 3899 ζῇν
1857 3813 1941 3874 ἔστιν
1975 3815 2065 3889 ἡδέως
2097 3819 2162 3876 κατ’

374 3926 557 4002 Ἐπίκουρον
579 3943 648 4005 pag.
675 3923 758 3984 1097
784 3921 875 4003 B“,³)
904 3928 1000 4004 atque
1028 3921 1157 4004 colligit,
1184 3922 1243 3985 hos
1270 3929 1424 4002 tyrannos
1452 3942 1471 3984 a
1493 3921 1707 4004 Theophrasto
1738 3940 1865 3983 eversos
1889 3941 1959 3985 csse
1983 3929 2014 3985 et
2037 3923 2165 3985 Eresios

374 4031 473 4112 gratis
496 4030 611 4091 annuis
636 4029 792 4111 Philippo,
815 4030 871 4111 qui
895 4048 950 4091 eos
975 4028 1089 4090 bacin
1115 4049 1148 4092 re
1172 4029 1362 4110 adjuvisset,
1384 4049 1454 4092 aras
1478 4031 1632 4111 posuisse.
1680 4027 1807 4090 Ceterae
1831 4038 1937 4090 autern
1962 4048 2028 4111 res,
2056 4037 2165 4092 utrum

376 4157 441 4198 uuo
466 4136 641 4217 eodemque
665 4145 807 4218 tempore
831 4144 894 4198 tres
918 4135 987 4197 illos
1007 4137 1082 4216 jura
1105 4135 1284 4216 tyrannidis
1308 4137 1391 4198 inter
1414 4155 1448 4198 se
1471 4136 1602 4217 partitos
1626 4134 1740 4214 luisse,
1768 4155 1809 4196 an
1833 4135 1968 4198 diversis
1992 4136 2063 4199 illos
2088 4145 2165 4199 tem·

375 4241 506 4325 poribus
529 4242 662 4324 imperio
685 4244 801 4325 potitos
824 4243 924 4305 fuisse
947 4241 1198 4304 existimandum
1232 4242 1287 4321 sit,
1319 4261 1383 4304 non
1406 4241 1506 4321 uidet,
1539 4261 1603 4323 qua
1634 4241 1756 4304 ratione
1785 4241 1944 4322 quibusve
1968 4244 2165 4325 argumentis

376 4355 460 4410 certo
484 4348 628 4430 dignosci
651 4348 781 4430 possint.
823 4348 892 4411 h'isi
918 4349 1003 4430 quod
1028 4347 1109 4417 ,,δίς“
1134 4349 1219 4431 apud
1237 4348 1446 4411 Plutarchum
1469 4350 1608 4429 positum
1633 4349 1661 4410 ei
1686 4356 1770 4410 rec-tc
1794 4367 1830 4410 eo
1856 4348 2010 4411 deducere
2029 4349 2165 4428 ridetur,

376 4462 413 4516 ut
437 4454 475 4517 de
499 4455 633 4517 diversis
658 4454 855 4537 temporibus
883 4457 1006 4537 cogitet.
1045 4453 1201 4534 Droysen.
1225 4456 1264 4518 ad
1288 4463 1414 4538 tempus
1438 4455 1532 4538 paulo
1556 4457 1736 4518 accuratius
1759 4455 1975 4518 deliniendum
2005 4456 2111 4519 locum
2134 4476 2163 4516 v.

378 4561 483 4623 1-37
505 4560 640 4640 ascribit,
664 4580 728 4643 quo
753 4561 897 4641 traditur,
920 4569 1130 4642 tyrannorum
1154 4568 1296 4644 posteros
1320 4561 1358 4624 ab
1377 4561 1560 4624 Alexandro
1579 4560 1718 4624 reditum
1742 4563 1907 4643 petivisse3
1932 4569 2028 4644 atque
2046 4561 2166 4624 indicat

376 4667 436 4728 hcc
457 4666 526 4729 loco
545 4667 729 4750 Apollodori
753 4675 883 4750 nepotes
906 4688 970 4730 non
991 4670 1157 4746 nominari,
1180 4688 1221 4730 ex
1241 4667 1386 4730 versibus
1410 4667 1466 4746 lV,
1493 4668 1532 4728 18
1557 4675 1587 4730 et
1614 4668 1653 4729 19
1679 4676 1786 4731 autem
1810 4687 1969 4750 apparere,
1992 4667 2030 4731 de
2054 4687 2164 4731 eorum

485 4861 510 4927 1)
529 4860 568 4915 Cf.
587 4860 719 4928 Droysca.
739 4859 755 4912 l.
776 4879 797 4913 c.
819 4877 876 4928 pag.
896 4861 957 4927 372,
977 4860 1076 4929 Saupp.
1096 4861 1113 4913 l.
1134 4878 1156 4914 c.
1177 4878 1234 4929 pag.
1254 4862 1271 4913 4
1290 4863 1317 4913 et
1335 4863 1360 4928 5,
1380 4877 1452 4929 corp.
1472 4861 1553 4914 inser.
1574 4862 1657 4914 Attio.
1678 4861 1707 4914 Π
1725 4861 1774 4914 Nc.
1797 4862 1828 4913 17
1848 4878 1874 4913 v.
1895 4860 1936 4914 20.

484 4948 511 5017 2)
532 4949 565 4999 Τί
584 4940 632 5000 cdv
652 4951 676 4999 εί
689 4969 716 4998 τι
731 4951 856 4999 τοιοῦτον
871 4948 1022 5019 ἐπέπρακτο
1038 4948 1132 5007 αὐτοῖς
1150 4942 1208 4999 olor
1219 4947 1398 5020 Άριςτοτίλει,
1417 4950 1466 5016 τὴν
1481 4950 1602 5021 πατρίδα
1621 4950 1710 5000 κτίοαι
1730 4951 1929 5019 (διεφθαρμένην
1944 4948 1998 5000 int
2013 4951 2163 5012 «haitanan,

377 5036 539 5106 Θεοφράστῳ
559 5039 586 5087 δὲ
606 5040 646 5096 δὶς
665 5039 829 5107 ίίευίίρὼοαι
848 5041 1074 5107 τυραννουμένην,

483 5128 509 5196 3)
531 5127 612 5185 Τίνας
631 5117 679 5177 οὖν
698 5126 816 5186 οἰόμεθα
836 5128 880 5176 καὶ
900 5129 1015 5192 πηλίκας
1037 5126 1132 5194 ἡδονὰς
1151 5117 1221 5178 εἶναι
1240 5159 1274 5167 -
1289 5125 1493 5199 Ἀριστοτέλους,
1513 5127 1559 5180 ὅτε
1577 5129 1628 5194 τὴν
1647 5129 1767 5198 πατρίδα
1786 5127 1905 5192 κειμένην
1924 5126 1951 5177 ἐν
1970 5127 2061 5186 ίδοίφει
2080 5127 2163 5179 πάλιν

375 5217 502 5282 ardorque
521 5218 566 5266 καὶ
586 5215 718 5283 κατήγαγε
737 5216 800 5273 τούς
819 5216 947 5277 πολίτας,
966 5217 1043 5275 τίνας
1061 5219 1089 5267 δὲ
1110 5216 1288 5288 Θεοφράστου
1308 5218 1352 5268 καὶ
1372 5218 1483 5268 Φειδίου
1502 5219 1566 5275 τούς
1584 5220 1631 5283 τῆς
1650 5217 1780 5287 πατρίδος
1799 5216 1966 5272 ἐκκοψάντων
1984 5215 2144 5286 τυροίννουτ,Ι

1932 5306 1949 5357 4
