5084 5984
1048 468 1206 474 ,,-,,
1263 434 1285 505 3
1353 468 1500 473 „-

382 643 562 704 communis
585 641 721 705 foederis
745 644 911 725 participes
940 648 1061 722 essent,
1087 642 1169 706 bello
1197 644 1453 726 persequendum
1482 661 1553 704 esse
1577 643 1608 722 (ξ
1635 645 1652 703 5
1677 648 1708 705 et
1733 643 1774 719 ii).
1821 643 1934 726 Neque
1962 644 2000 706 ab
2028 645 2083 720 iia,
2111 647 2167 727 qui

381 767 438 830 pro
462 747 673 810 Macedonum
702 748 846 831 partibus
875 755 976 827 stent,
1003 749 1035 811 id
1063 748 1144 812 obici
1172 768 1280 831 posse,
1308 749 1393 831 quod
1422 756 1495 812 ante
1523 748 1636 811 foedus
1663 749 1782 811 factum
1812 749 1857 810 illi
1885 751 2013 830 tyranni
2040 751 2167 829 fuerint,

382 873 457 916 nam
476 874 517 917 ex
536 855 643 917 insula
661 853 762 917 Lesbo
782 862 945 935 tyrannos,
964 856 1020 937 qui
1039 861 1070 918 et
1088 857 1149 939 ipsi
1169 862 1241 918 ante
1260 855 1373 918 foedus
1393 855 1640 918 dominationem
1662 856 1915 937 occupavissent,
1933 855 1972 918 ab
1984 857 2167 919 Alexandro

381 960 535 1042 expulsos
559 980 630 1024 esse
653 962 685 1040 (ξ
711 961 728 1021 7
753 968 784 1023 et
808 962 828 1022 8
851 960 997 1024 refutatio
1021 968 1053 1024 et
1074 964 1183 1044 petitio
1207 963 1327 1043 patriae
1350 962 1569 1043 proditorum).

489 1071 519 1146 4)
542 1067 666 1131 foedere
695 1086 805 1130 omncs
835 1068 973 1129 Graccus
999 1068 1114 1131 liberos
1143 1086 1213 1131 esse
1237 1067 1359 1149 juberi,
1387 1069 1496 1151 itaque
1524 1087 1565 1130 ex
1593 1068 1727 1129 foederis
1755 1066 1881 1149 legibus
1910 1087 1944 1130 se
1972 1068 2074 1132 facere
2102 1089 2168 1132 non

381 1192 484 1256 posse,
508 1175 588 1256 quin
611 1193 685 1237 cnm
709 1175 760 1254 iia,
783 1175 839 1256 qui
858 1173 970 1236 foedus
989 1174 1189 1252 violaverint
1212 1174 1332 1237 bellum
1350 1182 1475 1257 gerant3
1500 1180 1627 1257 tempus
1648 1194 1744 1257 quam
1764 1175 1905 1236 maxime
1923 1175 2077 1238 idoneum
2097 1195 2167 1238 esse

382 1280 414 1361 (ξ
438 1283 458 1342 8
483 1288 514 1343 et
538 1282 812 1361 9argun1entatio
836 1282 1007 1360 conjuncta
1030 1301 1104 1343 cum
1129 1280 1366 1361 adhortatione).

487 1386 633 1449 Primum
657 1386 847 1449 offendimus
871 1388 902 1447 iu
929 1386 1076 1468 exemplu
1095 1386 1149 1448 illo
1174 1387 1193 1467 ξ
1213 1389 1232 1449 3
1257 1388 1333 1449 satis
1357 1388 1530 1469 conspicue
1553 1388 1586 1449 in
1612 1386 1742 1449 exordio
1762 1387 1861 1448 totius
1880 1388 2166 1468 argumentationis

381 1494 492 1576 posito.
538 1492 640 1555 Valde
664 1493 722 1555 hoc
742 1492 876 1554 Weilius
895 1492 914 1553 l.
935 1511 960 1553 c.
984 1512 1052 1575 pag.
1072 1492 1137 1554 463
1161 1492 1276 1570 laudat,
1299 1512 1370 1555 esse
1393 1493 1426 1554 id
1450 1512 1564 1574 magna
1587 1495 1740 1575 gravitate
1759 1497 1790 1554 et
1810 1493 1896 1574 quod
1915 1494 2163 1555 Atheniensium

381 1601 505 1662 animos
529 1599 568 1661 ad
596 1599 787 1661 alacritatem
817 1604 848 1660 et
874 1600 953 1660 iram
982 1598 1141 1661 accendat.
1187 1598 1269 1660 Item
1294 1599 1463 1661 scholiasta
1491 1599 1676 1681 exemplum
1699 1597 1849 1681 probatll.
1896 1598 2067 1661 Consentio
2092 1618 2165 1661 cunr

380 1705 495 1769 Weilio
519 1705 669 1767 hocloco
693 1703 808 1766 habere
831 1703 1016 1786 exemplum
1041 1723 1201 1767 summam
1226 1706 1307 1786 vim,
1335 1706 1390 1769 sed
1413 1724 1494 1788 nego
1523 1724 1594 1768 esse
1617 1723 1659 1767 ex
1682 1705 1917 1768 consuetudine
1940 1703 2166 1767 Demosthenis

381 1814 441 1876 tale
465 1810 649 1894 exemplum
673 1812 705 1872 in
730 1812 821 1872 initio
845 1812 945 1873 totius
969 1812 1148 1891 argumenti
1172 1830 1304 1893 ponere;
1334 1811 1482 1893 equidem
1511 1812 1639 1874 nullum
1662 1811 1750 1873 aliud
1773 1811 1957 1894 exemplum
1981 1811 2165 1892 hujusmodi

380 1920 413 1981 in
443 1916 637 1980 orationibus
665 1915 921 1980 Demosthenieis
949 1917 1021 1999 legi.
1077 1916 1191 1999 Neque
1218 1917 1295 1981 haec
1323 1918 1488 1981 collocatio
1517 1918 1654 2000 exempli
1688 1937 1761 1981 oum
1795 1918 1959 1980 rhetorum
1992 1919 2167 2000 praeceptis

381 2025 530 2087 convenit
553 2023 589 2085 of.
614 2023 797 2086 Aristotelis
820 2024 898 2086 rhet.
922 2022 965 2103 II,
989 2023 1030 2085 20
1054 2043 1123 2106 pag.
1149 2025 1232 2106 902).

488 2128 519 2191 0.
543 2128 586 2206 ΙΙ)
610 2130 720 2192 Altera
743 2130 775 2210 (ξ
802 2131 942 2207 11-15)
965 2137 1053 2211 parte
1077 2130 1224 2193 Pellenae
1247 2136 1357 2192 contra
1379 2129 1494 2193 foedus
1518 2149 1690 2192 commune
1714 2150 1746 2192 re
1770 2130 1899 2213 publica
1921 2129 2018 2193 libera
2042 2129 2166 2193 sublata

380 2234 586 2314 Chaeronem,
608 2236 795 2298 luctatorem
820 2235 954 2313 clarum,
976 2238 1104 2315 tyranni
1127 2236 1196 2298 loco
1220 2235 1259 2298 ab
1282 2236 1468 2299 Alexandro
1493 2237 1679 2318 impositum
1703 2254 1784 2314 esse,
1808 2236 2009 2300 demonstrat.

427 2355 431 2361 ·
488 2343 520 2425 1)
544 2361 578 2404 se
602 2341 642 2404 ad
664 2343 794 2404 alteram
818 2361 890 2404 rem*
908 2342 1042 2405 foederis
1062 2342 1186 2426 legibus
1206 2345 1329 2425 jussam
1350 2344 1468 2420 venire,
1491 2344 1644 2425 scriptum
1667 2343 1753 2405 enirn
1773 2362 1842 2406 esse
1862 2344 1893 2423 (ξ
1915 2343 1980 2404 1οο
1998 2343 2164 2419 transitio).

487 2450 517 2527 2)
541 2448 689 2511 Pellenae
717 2469 783 2512 rem
811 2448 971 2531 publicam
999 2448 1128 2511 liberam
1158 2470 1176 2511 a
1204 2448 1378 2512 Macedone
1406 2448 1579 2528 sublatam,
1610 2449 1696 2511 cives
1725 2451 1854 2530 ejectos,
1887 2448 1970 2511 bona
1998 2448 2167 2531 publicata,

379 2554 574 2618 Chaeronem
599 2562 773 2635 tyrannum
796 2557 1008 2618 constitutum
1032 2574 1102 2618 esse
1126 2558 1156 2636 (ᾗ
1183 2554 1512 2634 10))καταδιήγησις).

486 2662 516 2739 3)
540 2680 610 2724 esse
629 2662 909 2744 interrogandum,
931 2668 1042 2724 utrum
1067 2662 1179 2724 malint
1201 2661 1336 2724 foederis
1359 2661 1484 2744 legibus
1506 2661 1652 2725 oboedire
1676 2667 1708 2724 et
1731 2668 1840 2723 contra
1863 2659 2054 2725 Macedones
2078 2682 2166 2724 arma

378 2786 499 2850 capere,
523 2787 562 2829 an
583 2767 795 2831 Macedonum
815 2766 1003 2831 satellitibus
1023 2767 1167 2850 obsequi,
1188 2769 1243 2850 qui
1263 2769 1330 2849 jam
1350 2769 1415 2831 siut
1432 2775 1520 2830 tanta
1538 2769 1679 2845 audacia,
1702 2774 1740 2830 ut
1757 2767 1859 2829 bonos
1879 2768 1964 2830 cives
1984 2768 2070 2850 leges
2090 2789 2165 2833 suas

379 2873 539 2956 abrogare,
561 2874 787 2938 condemnatos
811 2875 957 2938 homines
980 2875 1123 2938 emittere
1147 2882 1269 2956 cogant
1315 2873 1404 2948 Quae
1428 2874 1547 2937 scelera
1570 2873 1641 2937 illos
1664 2874 1735 2937 ideo
1758 2880 1898 2957 patrare,
1922 2875 2005 2956 quod
2031 2876 2164 2957 pecunia

380 2978 591 3042 Macedonum
616 2982 757 3063 corrupti
780 2982 846 3044 sint
868 2981 898 3062 ᾧ
924 2981 1054 3043 11-13
1077 2981 1225 3044 refutatio
1250 2986 1281 3043 et
1303 2981 1413 3063 petitio
1438 2980 1712 3059 adversariorum).

486 3088 517 3162 4)
545 3092 674 3167 pareant
701 3087 800 3169 igitur
827 3087 932 3150 verbis
960 3088 1137 3150 amicorum
1167 3087 1380 3150 Macedonum
1409 3094 1440 3148 et
1467 3085 1635 3149 observent
1661 3086 1790 3165 foedus,
1824 3089 1886 3149 nisi
1915 3087 2056 3166 videant,
2083 3088 2164 3150 illud

378 3200 522 3274 pactum,
550 3193 638 3274 quod
665 3200 750 3255 vetat
777 3194 927 3274 injuriam
956 3192 1055 3256 ullam
1081 3192 1163 3271 fiori,
1192 3200 1223 3256 et
1241 3179 1289 3254 'ab
1317 3191 1380 3255 illis
1409 3213 1428 3255 a
1455 3194 1645 3275 cogitatione
1673 3192 1802 3256 excludi
1830 3199 1861 3256 et
1889 3192 2164 3256 aMacedonibus

378 3299 519 3360 inaxime
543 3297 652 3360 violari
677 3300 707 3380 (ξ
733 3301 773 3360 14
797 3300 1029 3381 argumentatio
1052 3318 1094 3362 ex
1116 3298 1335 3382 pugnantibus
1358 3304 1390 3360 et
1412 3298 1611 3377 adhortatio).

484 3404 641 3487 Exemplo
664 3406 764 3488 igitur
786 3406 904 3467 omisso
928 3405 987 3468 hae
1012 3406 1093 3468 duae
1116 3413 1221 3488 partes
1244 3405 1338 3488 plane
1362 3406 1474 3469 eodem
1499 3406 1591 3468 modo
1616 3406 1808 3487 compositae
1833 3411 1918 3468 sunt.

485 3509 517 3572 O.
543 3510 603 3592 ΙΙΙ)
623 3510 759 3574 Tertiam
777 3519 910 3593 partem,
934 3518 969 3574 ut
988 3513 1053 3592 jam
1074 3531 1171 3594 supra
1194 3512 1347 3590 diximuS,
1370 3517 1476 3574 orator
1499 3513 1677 3574 accuratius
1702 3531 1765 3573 non
1791 3515 1943 3576 tractavit.
1981 3510 2107 3575 Transit
2125 3513 2164 3574 ad

378 3636 445 3680 eam
464 3617 570 3680 verbis
586 3615 638 3697 „td
652 3617 682 3677 δὲ
701 3617 1019 3697 καταγελαστότατον,
1034 3617 1099 3679 ἔστι
1116 3617 1177 3698 γὰρ
1196 3624 1228 3677 ἐν
1246 3620 1314 3684 ταὶς
1328 3617 1521 3691 σοιθὴιιοιςΜ
1538 3625 1570 3681 et
1583 3625 1811 3680 commemorat
1824 3624 1949 3680 tantum
1969 3626 2077 3680 contra
2096 3619 2165 3701 ipsa

378 3723 475 3787 verba
497 3724 633 3788 foederis
652 3725 764 3788 caedes
787 3725 865 3804 fieri,
888 3727 974 3788 cives
998 3725 1126 3808 expelli,
1149 3724 1232 3786 bona
1255 3724 1418 3807 publicari,
1442 3745 1534 3806 agros
1553 3724 1661 3800 dividi,
1685 3743 1783 3786 novas
1808 3723 1930 3787 tabulas
1953 3724 2030 3805 fieri,
2055 3744 2163 3787 servos

378 3832 568 3893 manumitti.
615 3835 724 3913 Atque
747 3833 951 3913 magistratus
976 3831 1131 3914 quosdam
1156 3832 1321 3893 institutos
1345 3850 1430 3910 esse,
1453 3832 1524 3912 qui,
1547 3849 1587 3892 ne
1612 3830 1686 3892 talia
1707 3831 1834 3906 fierent,
1857 3831 2055 3913 impedirent
2102 3830 2163 3894 Sed

378 3942 503 3999 tantum
531 3936 641 4000 abesse
669 3944 706 4000 ut
733 3938 779 3999 illi
808 3938 949 4000 officium
978 3957 1075 4000 suum
1103 3937 1315 4020 expleverint,
1347 3943 1384 3999 ut
1415 3938 1475 4020 ipsi
1503 3936 1589 4019 leges
1618 3937 1802 4018 saepissimo
1835 3944 1866 3999 et
1898 3938 2038 3999 maximo
2067 3936 2163 3999 viola·

377 4045 481 4105 verint
504 4043 536 4124 (ξ
563 4045 623 4123 15).

484 4149 516 4212 C.
541 4149 601 4231 IV)
626 4149 745 4225 Quarta
768 4157 856 4233 parte
880 4151 912 4233 (ἕ
938 4151 1078 4226 16-18)
1104 4151 1244 4228 disserit,
1266 4150 1489 4213 Alexandrum
1514 4156 1545 4213 et
1568 4157 1660 4211 antea
1683 4156 1793 4211 contra
1815 4149 1927 4213 foedus
1950 4149 2062 4212 exules
2087 4168 2162 4211 curu

376 4259 473 4320 armis
496 4258 531 4319 in
554 4256 650 4320 urbes
673 4258 841 4320 reduxisse
864 4263 896 4320 et
917 4276 1021 4340 nuper
1043 4257 1131 4319 illius
1153 4258 1246 4338 jussu
1269 4258 1456 4339 magistrum
1478 4255 1639 4337 quendam
1661 4255 1804 4318 lucta-ndi
1828 4255 1964 4336 Sicyone
1988 4263 2160 4334 tyrannum

376 4362 494 4425 factum
519 4382 597 4428 esse.

403 4473 408 4477 ’
485 4471 517 4551 1)
541 4490 575 4534 se
599 4471 686 4534 aliud
705 4471 998 4533 demonstraturum
1017 4489 1097 4548 esse,
1122 4469 1209 4551 quod
1232 4468 1345 4532 foedus
1365 4469 1504 4546 solverit,
1526 4469 1681 4550 scriptum
1701 4469 1786 4530 enim
1806 4486 1876 4529 esse
1899 4466 2056 4547 (transitio
2077 4466 2161 4544 16ο).

484 4578 517 4659 2)
537 4576 743 4640 Macedonem
761 4597 930 4659 nunquam
950 4596 1037 4639 arma
1057 4576 1251 4658 deposuisse,
1274 4595 1378 4658 nuper
1396 4575 1565 4655 Sicyonem
1584 4574 1671 4637 illius
1687 4575 1781 4655 jussu
1801 4579 1975 4653 tyrannum
1992 4572 2162 4636 reductum

376 4703 446 4746 esse
470 4683 549 4763 (llib
572 4683 813 4764 καταδιήγησις).

486 4861 511 4927 l)
531 4860 599 4927 „1931
618 4861 644 4908 dc*
664 4859 770 4919 εἰδέναι,
790 4858 832 4910 ὅτι
851 4859 980 4916 πολλάκις
1000 4859 1044 4908 καὶ
1064 4854 1135 4908 αὐτοὶ
1154 4857 1189 4907 τὰ
1208 4857 1398 4927 προηγούμενα
1417 4856 1548 4915 κεφάλαια
1566 4853 1616 4907 ὑπ’
1635 4852 1722 4906 αὐτοῦ
1740 4856 1790 4906 τοῦ
1807 4856 1929 4917 λίνοιτος
1948 4871 2163 4923 προιταγοινιοτι-

376 4954 425 5007 arira
445 4948 621 5019 προςάνιται,
640 4947 671 5007 ὡς
689 4948 755 5016 πρὸς
774 4946 925 5008 α’ντίθιοιν,
945 4948 1010 4997 ὅταν
1030 4946 1044 4996 ὁ
1063 4945 1197 5016 ἀκροατὴς
1215 4947 1381 5006 διακείμενος
1399 4947 1490 5015 ὅτέροις
1508 4945 1634 5013 τυγχάνῃ.
1672 4941 1770 4994 decisa
1789 4946 1855 5005 γοῦν
1877 4945 1927 4994 τοῦ
1945 4939 2082 5012 ἀκροατοῦ
2101 4939 2163 4992 κοῖν-

375 5043 473 5090 mi'a'la
493 5037 645 5098 νομίζοντος
664 5037 757 5107 κυρίας
776 5027 845 5086 εἶναι
863 5037 913 5094 τὰς
931 5035 1070 5102 συνθήκας
1089 5035 1175 5092 εὐθὺς
1191 5033 1367 5112 οἶνοιοιστικιῖις
1386 5033 1484 5096 adquiret
1502 5034 1534 5084 τὸ
1553 5035 1698 5092 κεφάλαιον
1717 5032 1742 5081 t’r
1762 5032 2009 5102 παραδιίγματος.“

483 5129 510 5190 2)
529 5130 571 5178 dei
587 5128 615 5178 δὲ
631 5130 755 5197 χρῆσθαι
772 5130 830 5183 τοῖς
848 5127 1050 5195 παραδείγμασι
1067 5124 1105 5191 μὴ
1123 5127 1219 5187 ἔχοντα
1237 5124 1284 5183 μὲν
1308 5122 1489 5190 ἐνθυμήματα
1511 5142 1542 5181 οις
1562 5122 1732 5177 αποὸιὶξιοιν
1750 5124 1778 5174 et
1797 5137 1865 5189 quae
1884 5117 2098 5187 sequuntur⁸dad
2118 5119 2162 5199 κοιὶ

377 5219 539 5282 προτιθέντι
556 5218 604 5276 μὲν
622 5214 725 5282 ἀνάγκη
745 5215 831 5266 πολλὰ
851 5217 942 5277 λέγειν,
963 5214 1111 5276 &aelirum
1130 5216 1158 5263 δὲ
1176 5213 1221 5263 καὶ
1240 5210 1268 5261 ἓν
1287 5210 1387 5262 ἱκανόν.

1909 5296 1946 5348 1*
