5084 5984
1245 430 1308 435 n
1334 430 1348 433 „
1370 429 1403 434 ,,
1462 376 1508 447 12
1565 427 1724 434 -.-0-

591 583 823 648 Dcmosthones
843 587 946 649 rarius
962 576 1127 647 liocverbo
1145 587 1252 666 utitur,
1268 585 1394 649 duobus
1409 592 1534 649 tantum
1548 585 1625 648 locis
1636 583 1729 664 XIX,
1741 586 1804 647 220
1815 585 1863 664 (cf.
1876 585 2047 663 Voemel.¹)
2057 583 2101 646 ad
2118 584 2221 645 hunc
2236 582 2358 659 locum)
2370 598 2394 646 et

590 690 685 771 XXI,
694 692 754 753 186
762 691 816 754 ubi
829 691 875 754 bis
887 693 1050 754 transitive
1062 699 1092 753 ct
1102 713 1174 753 cum
1183 694 1364 754 accusatiro
1374 693 1515 776 ponitnr3
1527 692 1641 754 eodeni
1652 691 1797 753 modobis
1810 693 2021 773 compositum
2028 690 2396 768 tuaadvactremittere)

591 797 677 859 abeo
694 804 866 880 usurpatur
877 797 919 877 Il,
930 799 982 876 30,
992 796 1116 877 XVIII,
1130 798 1200 859 177.
1229 797 1386 861 Omnibus
1401 799 1471 862 aliis
1485 798 1565 860 locis
1579 797 1741 880 proverbe
1757 799 1878 857 ἀνιέναι
1893 798 1976 880 apud
1986 797 2262 860 Demosthenem
2279 797 2396 871 άηιένια

590 904 669 985 legis
684 903 758 985 plus
769 904 959 987 septuagies.
984 903 1045 966 Sed
1056 904 1150 986 paulo
1160 911 1232 987 post
1241 906 1275 965 in
1285 904 1387 967 verbis
1399 905 1417 984 ᾗ
1429 906 1470 966 29
1482 905 1579 985 hujus
1591 905 1740 966 orationis
1751 902 2011 983 ,σκευωρούμενοι
2022 902 2092 982 περὶ
2105 901 2201 962 αὐτὰ
2214 902 2398 982 οιίττρότεροι

591 1011 742 1086 α’ςαῖσατ4
759 1011 963 1092 participium
981 1009 1257 1090 ,,σκενωροὺμενοι“
1274 1031 1340 1073 non
1355 1011 1473 1093 pendet
1490 1010 1618 1073 arerbo
1635 1013 1780 1089 άσεῖσαν,
1800 1015 1836 1072 ut
1851 1009 2035 1072 Vocmelius
2052 1012 2155 1073 vertit
2173 1011 2397 1092 „tergiversari

592 1116 630 1179 de
652 1118 693 1178 iis
717 1135 780 1178 non
803 1119 894 1198 prius
914 1117 1109 1178 destiterint²
1135 1117 1190 1179 sed
1212 1117 1304 1179 facile
1327 1118 1366 1180 ad
1389 1119 1450 1180 hoc
1468 1117 1603 1180 verbum
1622 1116 1735 1197 objecti
1758 1118 1827 1179 loco
1848 1115 1944 1178 verbo
1969 1114 2025 1195 ,τά
2046 1118 2165 1174 πλοῖά*
2198 1117 2398 1198 supplentur.

697 1221 803 1284 Etiam
832 1222 928 1285 verbu
952 1224 970 1303 ξ
996 1224 1037 1284 24
1061 1220 1131 1300 ἅμα
1160 1222 1188 1281 δι’
1212 1223 1429 1283 λανθάνουσιν
1456 1222 1585 1289 ἑαυτοὺς
1613 1221 1831 1282 ἀνυπόστατον
1859 1221 1914 1295 την
1943 1221 2030 1281 πόλιν
2059 1223 2307 1302 ὁμολογοῦντες
2329 1222 2398 1280 εἶναι

591 1329 750 1392 afferenda
783 1335 866 1393 sunt.
912 1328 1136 1392 Demosthenis
1168 1331 1253 1393 enim
1287 1331 1326 1393 ad
1356 1330 1489 1393 verbum
1521 1330 1693 1389 λανθάνειν
1725 1349 1800 1391 cum
1828 1329 1991 1411 participio
2021 1330 2184 1409 junctum
2226 1347 2399 1411 pronomen

591 1435 784 1500 rctlcxirnm
804 1456 867 1497 non
886 1436 989 1515 adicit,
1007 1437 1082 1498 facit
1099 1436 1257 1500 isocrates
1268 1437 1359 1517 VIII,
1374 1439 1429 1499 32:
1450 1435 1712 1512 ‚Madaoaapoic
1722 1406 1915 1513 αὐτῖνῠςάμα
1929 1440 1981 1493 τοῦ
1997 1456 2024 1494 τε
2035 1437 2171 1512 φρονεῖν
2194 1433 2341 1512 ἄμεινον
2354 1435 2399 1493 καὶ

592 1549 646 1602 τοῦ
675 1540 819 1620 πράττειν
845 1546 964 1622 βελτιον
992 1545 1049 1600 τῶν
1076 1540 1175 1601 ἄλλοιν
1203 1545 1420 1622 ὀλιγωροῦντες.
1470 1541 1515 1604 Hi
1547 1547 1625 1604 sunt
1656 1541 1730 1620 loci,
1763 1541 1819 1603 ubi
1847 1540 2078 1604 Demosthenes
2110 1541 2268 1604 verbum
2304 1544 2398 1625 ponit:

592 1650 621 1732 Ι)
646 1649 789 1712 absoluto
814 1648 889 1710 dicit
912 1647 1037 1726 XVIII,
1064 1649 1136 1722 148,
1159 1648 1253 1730 ΧΙΧ,
1278 1649 1351 1728 226,
1374 1647 1468 1728 XXI,
1492 1648 1543 1728 80,
1567 1649 1619 1728 80,
1643 1649 1716 1724 218,
1739 1646 1880 1727 XXIII„
1895 1649 1966 1726 195,
1990 1646 2120 1727 XXIV,
2150 1649 2235 1725 115,
2262 1647 2400 1715 XXVII,

594 1758 646 1835 64,
668 1754 770 1836 XLV,
794 1757 846 1833 30,
869 1754 921 1834 LI,
948 1755 997 1834 15,
1021 1753 1121 1832 LVII,
1145 1755 1196 1815 27.

698 1862 742 1942 ΙΙ)
765 1881 840 1925 cum
864 1863 1028 1944 participio
1048 1862 1255 1941 conjunctum
1280 1863 1381 1944 ponit:
1406 1864 1437 1944 a)
1456 1879 1521 1922 non
1539 1859 1691 1923 retlexire
1709 1859 1834 1940 XVIII,
1855 1861 1928 1927 149,
1947 1858 2039 1941 XIX,
2061 1862 2113 1939 13,
2136 1861 2253 1942 XLV,
2276 1863 2332 1942 80,
2350 1863 2398 1930 85:

700 1968 728 2048 b)
753 1967 905 2031 reflexivo
938 1969 1135 2049 (pronomine
1168 1987 1230 2030 non
1265 1969 1397 2050 adjecto)
1431 1969 1459 2049 I,
1485 1969 1540 2048 11,
1562 1966 1624 2047 VI,
1648 1967 1704 2047 27,
1732 1965 1830 2047 XIX,
1855 1968 1911 2045 00,
1939 1965 2023 2046 XX,
2048 1968 2130 2047 125,
2155 1967 2309 2049 XXIII,
2337 1969 2400 2032 123.

488 2148 492 2154 ,
592 2094 731 2157 prooem.
756 2073 806 2135 IX
829 2076 948 2154 (1424),
971 2073 1069 2136 XVII
1094 2075 1216 2154 (1429);

699 2181 761 2259 ΠΙ)
786 2201 861 2243 cum
885 2181 1067 2243 accusativo
1090 2183 1230 2263 positum
1254 2188 1390 2263 usurpat
1412 2181 1472 2256 VI,
1498 2182 1531 2259 5,
1555 2179 1684 2260 XVIII,
1710 2181 1788 2258 199,
1810 2179 1910 2260 XIX,
1934 2181 2012 2259 230,
2036 2178 2158 2262 XXII,
2185 2184 2250 2262 38,
2277 2181 2398 2255 XXIII,

597 2290 669 2367 134,
693 2286 818 2367 XXIV,
843 2287 895 2367 36,
919 2287 971 2367 66,
997 2289 1069 2369 199,
1092 2286 1269 2368 XXXVII,
1294 2290 1343 2367 55,
1367 2306 1505 2370 prooem.
1528 2282 1670 2348 XLVIII
1693 2289 1805 2365 (1455)
1829 2288 1917 2368 epist.
1941 2285 1957 2348 I
1981 2285 2105 2366 (1464);

699 2393 757 2471 IV)
781 2395 927 2474 sequitur
941 2394 1142 2475 participium
1162 2401 1194 2456 et
1212 2397 1413 2457 accusativus
1432 2392 1686 2476 personacXVl,
1699 2391 1861 2468 5,XXIV,
1874 2393 1923 2471 16,
1933 2390 2043 2472 XXX,
2053 2393 2126 2473 4,6,
2137 2393 2336 2475 XXXVII,
2347 2397 2394 2470 54;

701 2499 740 2578 V)
764 2500 881 2581 pendet
903 2500 943 2561 ab
967 2519 1003 2562 eo
1029 2502 1229 2563 enuntiatum
1254 2502 1424 2564 relatIvum
1447 2499 1541 2578 XIX,
1565 2502 1616 2573 22,
1639 2497 1801 2578 XXXIX,
1827 2501 1880 2575 18,

701 2605 761 2689 Vl)
786 2603 833 2664 ὅτι
856 2605 984 2684 XXIII,
1010 2608 1061 2686 95,
1083 2605 1243 2687 XXXVI,
1269 2609 1318 2672 28.
1958 2661 1965 2679 τ

701 2712 798 2774 Porro
832 2719 1002 2775 tractemus
1035 2720 1210 2776 structuras
1243 2734 1262 2776 a
1289 2712 1514 2776 Demosthenis
1546 2711 1779 2773 consuetudine
1812 2710 1930 2773 alienas
1955 2712 1973 2792 ξ
1999 2714 2053 2773 25;
2085 2713 2241 2782 ,εἰκότως
2273 2716 2302 2775 δ’
2324 2714 2390 2775 αἰπὰ

596 2818 820 2879 πεπόνθεισαν
867 2818 1009 2883 Voemel.
1034 2821 1142 2882 verrit:
1173 2821 1262 2901 „juro
1286 2820 1318 2882 id
1341 2819 1549 2881 confitentur·
1575 2826 1605 2880 ct
1629 2824 1711 2880 recte
1735 2838 1809 2879 cum
1833 2817 1874 2879 H.
1898 2818 2062 2881 Schaelero
2091 2819 2131 2881 ad
2156 2821 2246 2880 αι’ντό
2272 2823 2385 2906 supplet

595 2927 753 3005 ὁμολογεῖν
777 2926 890 2984 τοῦτο.“
930 2924 1041 2988 Orator
1065 2927 1164 3008 igitur
1185 2925 1318 2988 verbum
1344 2926 1476 3002 πάσχειν
1499 2924 1727 3006 significatione
1750 2924 1845 3006 paulo
1870 2925 2021 3007 ampliore
2045 2935 2198 3008 usurpat:
2231 2930 2330 3007 „jure
2352 2932 2387 2991 cis

595 3033 721 3111 accidit,
736 3038 772 3094 ut
790 3033 884 3093 inriti
903 3031 1141 3094 confiteantur‘.
1160 3032 1257 3115 Apud
1267 3030 1517 3094 Demosthenem
1537 3030 1575 3092 ad
1596 3030 1682 3092 hunc
1703 3051 1798 3092 usum
1819 3030 1885 3092 sola
1899 3030 1996 3092 rerba
2011 3030 2105 3110 XIX,
2121 3035 2202 3097 195:
2228 3035 2324 3117 ,ὥστε
2345 3035 2389 3094 τὸν

598 3143 754 3199 (Ινέλιππον
781 3140 899 3197 παθεῖν
926 3161 954 3196 τι
982 3137 1036 3197 καὶ
1066 3137 1196 3196 δοῦνανι
1224 3141 1369 3220 proxime
1394 3139 1548 3200 accedunt
1576 3144 1624 3215 (ut
1648 3137 1814 3219 Philippus
1843 3147 2022 3200 commotus
2051 3140 2247 3207 concederet
2274 3145 2388 3219 Vocmt

596 3245 744 3309 Ceterum
769 3243 1003 3307 Demosthenes
1028 3243 1160 3306 verbum
1186 3243 1318 3321 πάσχειν

700 3352 729 3434 Ι)
753 3350 898 3414 absolute
921 3352 1010 3433 ponit
1034 3353 1228 3433 saepissime,
1252 3352 1389 3434 exempli
1415 3371 1509 3413 causa
1533 3352 1566 3412 in
1592 3352 1732 3413 cranone
1757 3350 1851 3430 XXI,
1875 3353 1927 3430 20,
1951 3353 2003 3431 23,
2028 3353 2078 3432 30,
2102 3355 2155 3432 43,
2180 3357 2239 3435 45,
2266 3360 2318 3437 46,
2344 3360 2389 3433 m,

598 3460 649 3538 72,
675 3458 747 3536 118,
773 3458 846 3537 137,
871 3458 943 3537 187,
968 3458 1042 3536 226,
1066 3457 1138 3522 226,
1928 3490 1932 3496 ·

701 3563 745 3643 ΙΙ)
770 3563 851 3626 (lum
880 3563 1030 3625 adverbio
1053 3563 1104 3626 vel
1133 3569 1234 3658 nanda
1257 3563 1307 3626 vel
1335 3556 1368 3622 εὖ
1392 3563 1486 3644 VIII,
1510 3564 1562 3643 65,
1584 3562 1666 3642 XX,
1690 3565 1743 3642 41,
1767 3564 1818 3642 57,
1842 3564 1893 3642 62,
1918 3565 1969 3644 83,
1996 3566 2068 3645 119,
2094 3567 2167 3646 159,
2192 3569 2315 3652 XXII,
2343 3573 2388 3645 il,

596 3669 721 3749 XXIV,
748 3672 818 3748 182,
842 3668 1003 3748 XXXVI,
1029 3671 1077 3730 14.
2058 3664 2060 3668 ’

702 3776 762 3855 ΙΙΙ)
788 3776 868 3840 Cum
889 3779 1011 3839 neutris
1031 3778 1258 3858 prononriumu
1279 3786 1310 3839 ct
1329 3776 1556 3856 adjectivorum
1577 3778 1772 3860 saepissmre,
1791 3778 1941 3838 ammtari
1962 3779 2081 3841 centies
2101 3784 2253 3864 sexagies
2275 3789 2388 3849 semes.

701 3882 759 3959 IV)
783 3883 831 3945 bis
841 3890 964 3945 tantum
981 3903 1054 3945 cum
1070 3884 1278 3946 substantians
1289 3882 1382 3961 XXI,
1395 3883 1433 3944 17
1446 3881 1630 3963 (πράγματα
1641 3887 1801 3962 αἴσχιστα)
1812 3892 1843 3945 et
1854 3882 1981 3964 XXIII,
1996 3887 2057 3946 155
2069 3891 2214 3967 (πρᾶγμα
2227 3898 2386 3968 τοιοῦτον).

703 3991 721 4070 ξ
743 3991 783 4051 28
803 3991 840 4048 οὐ
858 3989 965 4067 γὰρδι)
985 3987 1049 4049 ἔστι
1068 4012 1100 4068 γε
1118 3992 1222 4060 εἰπεῖν,
1242 3991 1279 4055 ὡς
1291 3989 1464 4063 Ἀθήνησιν
1481 3993 1540 4068 μέν
1555 3989 1708 4065 ἀράόνοιν
1722 3987 1818 4049 ὄντοιν
1833 3996 1887 4049 τῶν
1906 3995 2150 4071 ναυπηγησίμων
2170 3994 2278 4065 ξύλων.
2308 4000 2387 4063 Satis

596 4098 674 4159 mire
701 4106 773 4177 post
796 4096 932 4158 verbum
962 4096 1087 4158 dicendi
1115 4096 1153 4160 ὡς
1181 4116 1255 4157 cum
1283 4098 1433 4178 genitivis
1460 4097 1614 4159 absolutis
1642 4099 1784 4179 positum
1813 4106 1868 4161 est.
1892 4077 2100 4162 ⁹Schaoferus
2130 4101 2199 4180 „rel
2224 4105 2326 4167 rerba
2353 4130 2387 4169 ωε

596 4204 672 4262 τοῦτ’
695 4199 834 4286 ᾐτήσατο
854 4213 925 4285 post
943 4205 1038 4261 εἰπεῖν
1058 4202 1321 4281 homoeoteleuta,
1345 4210 1381 4264 nt
1403 4205 1599 4285 grammatici
1626 4205 1752 4282 dicunt,
1777 4206 1990 4269 intercidisse*
2016 4206 2067 4269 rel
2092 4213 2180 4288 „post
2204 4214 2305 4270 εἰπεῖν
2330 4212 2387 4274 tale

596 4309 717 4390 aliquid
741 4315 778 4370 ut
796 4307 996 4382 αἰτήσασθαι
1019 4309 1277 4373 subaudiendum
1298 4312 1384 4371 θεέ-61
1404 4310 1481 4372 vult.
1521 4310 1636 4371 Contra
1655 4308 1842 4372 Voemelins
1865 4314 1898 4373 in
1926 4315 2131 4376 annotatione
2155 4333 2215 4377 sua
2239 4318 2386 4380 adhunc

596 4416 703 4477 locum
732 4415 813 4477 nihiI
842 4416 1022 4479 addendum
1053 4423 1109 4478 aut
1136 4415 1393 4478 subamliendum
1417 4435 1487 4478 esse
1515 4423 1599 4478 recte
1624 4416 1713 4494 dicit,
1741 4417 1797 4478 sed
1826 4419 1970 4500 exempla
1999 4429 2030 4482 et
2057 4439 2098 4483 ex
2123 4420 2257 4485 Platone
2288 4432 2319 4486 et
2347 4444 2385 4487 ex

595 4521 820 4603 Xenophonte,
838 4522 936 4596 affut,
952 4523 1003 4585 uhi
1019 4524 1057 4589 da·
1073 4543 1147 4584 cum
1161 4542 1232 4604 gen.
1248 4522 1347 4584 absol.
1363 4529 1434 4604 post
1449 4522 1544 4584 verba
1560 4522 1683 4585 dicendi
1700 4531 1736 4585 ut
1752 4530 1824 4606 post
1839 4525 1933 4587 verba
1948 4527 2104 4590 sentiendi
2120 4537 2316 4611 usurpatum
2332 4544 2384 4594 cst.

596 4628 685 4691 Certe
709 4627 976 4691 Demosthenicns
1000 4629 1113 4691 similis
1138 4628 1226 4691 locus
1251 4649 1314 4690 non
1339 4629 1463 4710 legitur.

703 4735 743 4797 In
775 4734 885 4798 eadem
918 4736 1114 4818 paragrapho
1148 4735 1243 4798 verba
1275 4743 1457 4817 sequuntur·
1489 4734 1680 4815 διειρημένον
1712 4736 1809 4816 μηδὲν
1838 4742 1975 4798 τοιοῦτον
2003 4738 2200 4817 ειςδέχεσάαι.
2247 4742 2385 4806 lVeiIIns

596 4848 754 4904 oratorem
778 4842 908 4919 corrigit
931 4848 962 4903 et
982 4841 1114 4902 verbum
1138 4841 1329 4920 διειρημένον
1347 4841 1506 4923 glossema
1530 4861 1600 4905 esse
1620 4844 1706 4913 dicit,
1728 4846 1884 4907 insertum
1908 4845 1984 4908 falsa
2009 4848 2275 4929 interpunctione.
2315 4849 2385 4931 Ipse

595 4947 685 5029 legit:
706 4947 761 5006 καὶ
772 4947 989 5024 πληρώσεσθαι
1001 4952 1073 5019 ἐντῷ
1084 4950 1196 5025 λιμένι,
1211 4952 1250 5020 τῷ
1258 4952 1465 5027 προειρημένῳ
1476 4955 1488 5008 ε’
1492 4972 1507 5007 ν
1520 4952 1585 5015 ταῖς
1595 4953 1713 5018 κοιναῖς
1729 4953 1914 5030 ὁμολογίαις,
1929 4952 2026 5032 μηδὲν
2036 4958 2174 5013 τοιοῦτον
2182 4953 2383 5032 ιέςδέχεσεθαι.

705 5177 730 5244 1)
750 5176 941 5230 Demosthenis
961 5177 1094 5230 erutiones
1115 5181 1208 5230 contra
1227 5177 1398 5245 Aeschinem,
1418 5178 1526 5247 Lipsiae
1547 5179 1623 5246 1862,
1644 5196 1701 5247 pag.
1722 5181 1774 5233 596
1794 5197 1854 5233 anu.
1876 5183 1899 5234 1.
