5084 5984
1044 413 1494 484 *7*-

485 625 503 702 ς’
528 623 569 684 23
593 622 783 703 adjectivum
808 621 986 688 νεόπλουτος
1009 629 1127 702 exstat,
1155 622 1240 704 quod
1265 623 1331 702 jam
1360 622 1542 701 scholiasta,
1570 625 1607 683 ut
1631 639 1727 702 33313
1750 619 1906 698 31613133,
1929 619 2001 698 jure
2030 616 2160 679 notavit.

378 727 612 792 Demosthenes
635 730 737 808 enim,
765 748 961 811 quamquam
985 730 1190 808 sententiam,
1218 747 1300 810 quae
1323 730 1357 791 13
1381 728 1477 791 33163
1501 728 1598 803 13331,
1627 726 1810 808 saepissime
1833 724 1998 807 exprimit,
2020 721 2087 802 III,
2111 723 2162 801 29,

378 834 473 913 VIII,
497 834 554 914 66,
576 833 702 915 XXIV,
727 836 805 916 124,
837 835 875 897 de
904 833 1023 915 quibus
1049 835 1128 897 locis
1154 834 1237 897 infra
1264 837 1444 898 accuratius
1472 833 1719 917 disputabimuS,
1752 831 1841 894 nullo
1869 832 1940 893 loco
1969 829 2162 911 adJectivum

378 949 520 1023 usurpat.
567 940 680 1023 Neque
712 942 796 1024 apud
829 941 906 1003 alios
940 946 1079 1003 31313133
1112 941 1242 1023 legitur,
1274 948 1322 1005 est
1353 942 1438 1024 apud
1465 940 1624 1023 Aristoph.
1648 939 1745 1021 Vesp.
1771 938 1855 999 1309
1889 945 1921 1000 31
1942 936 2041 999 Arist.
2071 933 2161 997 Rhet.

378 1047 421 1125 II,
446 1049 474 1127 9,
499 1049 540 1109 20
564 1053 596 1110 31
618 1046 798 1110 Luciannm
821 1048 860 1110 (13
884 1048 955 1109 hist..
979 1047 1131 1110 conscrib.
1155 1067 1180 1110 c.
1206 1049 1247 1109 20
1272 1053 1303 1110 31
1324 1050 1359 1110 13
1382 1047 1465 1111 Ρ131.
1489 1047 1597 1130 Symp.
1622 1045 1654 1108 11
1677 1065 1740 1128 pag
1764 1046 1838 1124 634,
1860 1062 1886 1105 c.

485 1154 569 1233 §29
603 1151 766 1231 ἀδιήγητος
794 1154 878 1237 3336
909 1152 1156 1217 Demosthenem
1189 1173 1254 1216 nen
1286 1155 1464 1232 invenitur,
1501 1160 1549 1217 331
1576 1153 1768 1235 adjectivum
1801 1151 1878 1213 satis
1911 1169 1981 1212 rara
2013 1150 2164 1232 positum,

379 1260 519 1342 exempli
543 1279 640 1322 cansa
662 1259 810 1343 Xenoph.
835 1260 1008 1342 Cyropaed,
1032 1259 1122 1339 VIII,
1148 1260 1175 1338 7,
1201 1261 1219 1322 3
1243 1266 1275 1323 31
1299 1262 1349 1322 22.

483 1366 576 1429 Adde
599 1366 649 1429 his
673 1367 850 1448 adjectivis,
879 1386 961 1449 quae
984 1364 1023 1428 ab
1047 1367 1144 1446 hujus
1169 1367 1321 1429 orationis
1349 1374 1477 1429 auctore
1500 1387 1518 1427 a
1542 1366 1647 1429 verbis
1673 1366 1807 1428 formata
1831 1372 1920 1443 sunt,
1948 1364 2012 1426 dno
2037 1362 2164 1441 similia,

378 1491 460 1554 quae
483 1471 714 1536 Demosthenes
747 1492 876 1555 quoque
910 1478 1057 1555 usurpat,
1089 1470 1319 1551 καταγέλαστος
1342 1473 1360 1554 ξ
1387 1472 1403 1533 7
1429 1479 1460 1535 31
1486 1473 1524 1533 15
1554 1471 1638 1554 3336
1666 1470 1913 1535 Demosthenem
1939 1469 2034 1550 VIII,
2063 1470 2102 1530 67
2133 1475 2164 1531 31

378 1577 592 1645 ἀνυπόστατος
607 1581 625 1660 §
642 1582 682 1640 24
698 1579 783 1662 apud
798 1578 1046 1642 Demosthenem
1060 1576 1143 1657 LIV,
1154 1580 1196 1640 38
1212 1584 1244 1641 et
1259 1577 1318 1657 dic,
1338 1584 1445 1641 611331
1466 1579 1545 1641 haec
1564 1578 1644 1640 forte
1662 1579 1705 1640 ita
1724 1577 1857 1640 formata
1871 1597 1941 1640 esse
1956 1597 1996 1638 au
2016 1576 2163 1638 consulto

378 1691 410 1747 et
428 1685 534 1748 studio
555 1684 693 1766 quodam
715 1685 770 1746 tibi
789 1685 965 1748 videantur.
1012 1684 1174 1766 Imprimis
1193 1685 1220 1746 si
1237 1684 1322 1747 idem
1341 1686 1375 1747 in
1395 1684 1553 1748 adverbiis
1572 1685 1746 1747 formandis
1770 1691 1802 1747 et
1821 1683 2001 1746 derivandis
2026 1690 2161 1765 apparet.

486 1790 575 1853 Haec
598 1797 675 1853 sunt
697 1790 890 1870 36331613,
915 1810 997 1873 qnae
1020 1791 1059 1852 ab
1083 1809 1148 1852 usu
1171 1789 1297 1853 dicendi
1320 1789 1547 1854 Demosthenis
1570 1791 1752 1854 abhorrent:

485 1900 503 1975 ξ
529 1898 557 1957 2.
582 1895 780 1974 ἀνεγκλήτως,
805 1897 892 1978 quod
915 1897 1105 1980 1333111316
1126 1898 1289 1978 223130,
1313 1897 1398 1980 3336
1422 1896 1670 1960 Demosthenem
1694 1915 1759 1959 non
1777 1896 1943 1978 reperitur,
1967 1915 2161 1977 quamquam

378 2002 497 2065 Pollux
520 2001 614 2081 VIII,
643 2001 684 2063 69
714 2000 920 2066 Demostheni
947 2004 979 2065 id
1008 2002 1167 2082 attribuit,
1198 2010 1247 2066 331
1284 2004 1369 2086 apud
1397 2002 1568 2066 Isocratem
1601 2009 1632 2066 et
1664 2004 1697 2064 in
1725 2001 1912 2065 Aristotelis
1934 2000 2026 2064 Polit.
2049 2001 2111 2081 VI,
2135 2004 2164 2064 8.

378 2109 581 2190 Adjcetivnm
615 2115 647 2169 ct
678 2107 767 2170 Plato
800 2115 832 2172 et
863 2109 1043 2192 Xenophon
1077 2117 1235 2193 usurpant
1266 2117 1298 2173 et
1330 2115 1436 2173 exstat
1467 2111 1501 2172 13
1534 2110 1675 2172 secunda
1707 2109 1856 2191 epistula,
1889 2127 1986 2189 quam
2018 2106 2163 2171 Blassms

378 2212 586 2277 Demostheni
610 2215 756 2296 ascripsit
780 2217 798 2295 ξ
826 2216 866 2277 14
890 2217 997 2295 (1470)
1022 2217 1210 2294 ἀνέγκλητον
1232 2215 1379 2290 πεπόιηκε
1403 2214 1459 2290 τήν
1483 2213 1577 2275 πό1ιν.

483 2322 502 2402 ξ
523 2321 541 2382 2
566 2319 724 2399 συντόμως
747 2321 831 2383 16331
857 2322 895 2384 (13
919 2322 979 2384 633
1002 2322 1152 2385 36331613
1176 2323 1382 2385 3131333633
1406 2329 1468 2400 est,
1492 2323 1609 2405 legitur
1628 2321 1712 2403 apud
1735 2323 1881 2404 tragicos,
1905 2319 2043 2402 exempli
2068 2340 2165 2383 causa

376 2427 545 2507 Aeschylis
568 2425 703 2489 Eumen.
729 2428 808 2508 393,
833 2448 904 2490 1313
933 2430 1026 2491 etiam
1051 2429 1137 2511 apud
1165 2435 1316 2508 oratores,
1344 2430 1429 2511 apud
1453 2428 1646 2491 Aeschinem
1670 2427 1718 2508 ΙΙ,
1741 2429 1760 2508 j
1786 2429 1840 2489 51:
1865 2428 1905 2493 ὡς
1928 2425 2086 2506 συντόμως
2109 2426 2165 2486 καὶ

376 2524 473 2592 τᾶλλα
497 2531 602 2592 πάντα
626 2534 797 2612 ἀπαγγελῶ,
821 2534 906 2618 apud
929 2534 1101 2597 Isocratem
1123 2534 1153 2616 I,
1178 2536 1219 2598 12
1244 2534 1435 2615 πειράσομαι
1457 2533 1614 2614 συντόμως
1638 2534 1829 2602 ὑποθέσθαι,
1852 2532 1916 2612 ΙΙΙ,
1941 2535 1982 2595 35
2006 2533 2164 2613 συντόμως

376 2637 487 2716 ἔχοντα
512 2637 659 2716 δηλῶσαι,
684 2641 772 2702 3113
795 2641 931 2723 epistula
954 2640 1104 2724 Philippi,
1128 2662 1211 2725 quae
1233 2643 1374 2705 1333113
1397 2639 1593 2704 orationibus
1612 2639 1876 2719 Demosthenicis,
1900 2641 1918 2720 ᾖ
1942 2641 1980 2702 10
2006 2641 2164 2721 συντόμως

376 2747 478 2805 εἰπεῖν.
511 2746 608 2828 Apud
623 2743 869 2810 Demosthenem
888 2747 1020 2811 verbum
1039 2752 1196 2828 συντέμνω
1211 2748 1336 2830 XXIV,
1352 2750 1392 2810 14
1412 2753 1443 2811 31
1456 2746 1558 2827 XLV,
1578 2747 1758 2829 blegimus,
1776 2746 1962 2809 adverbium
1982 2748 2071 2809 nullo
2086 2748 2163 2811 loco.

484 2853 503 2931 6
530 2852 569 2913 13
593 2852 800 2924 detractantis:
825 2854 1018 2934 adjectivum
1041 2862 1090 2919 est
1119 2855 1203 2938 apud
1226 2854 1374 2938 Xenoph.
1397 2853 1568 2917 Memorab.
1592 2853 1618 2935 Ι,
1644 2853 1695 2934 17,
1719 2852 1753 2912 τό
1776 2852 1970 2925 ἐξεταστικόν
1993 2853 2108 2936 legitur
2131 2856 2164 2916 13

379 2957 534 3038 31311333,
557 2977 639 3040 quae
662 2959 850 3023 inscribitur
872 2958 960 3039 ,περὶ
978 2960 1167 3033 uomicam
1192 2963 1210 3043 ξ
1230 2964 1260 3044 4,
1285 2968 1434 3044 quaeest
1457 2961 1677 3044 suppositicia3
1703 2959 1893 3024 adverbium
1917 2960 2002 3042 apud
2026 2966 2163 3023 oratores

380 3063 570 3129 331131333.

486 3171 504 3249 ξ
537 3172 579 3233 29
611 3171 943 3250 καταπεφρονηκότως,
976 3173 1038 3236 1133
1072 3195 1201 3259 quoque
1234 3176 1419 3238 adverbium
1454 3174 1493 3238 ab
1527 3174 1704 3237 3131311633
1737 3193 1897 3256 nusquam
1932 3175 2074 3256 33311331
2115 3180 2164 3237 331

378 3278 547 3359 usurpavit
569 3275 728 3340 Diodorus
752 3278 879 3342 Siculus
900 3278 990 3359 XIV,
1015 3282 1066 3361 17,
1093 3283 1141 3362 19,
1166 3282 1217 3360 92,
1241 3283 1292 3360 93,
1312 3284 1362 3344 95.

484 3382 518 3445 si
541 3383 591 3446 his
615 3384 775 3447 adverbiis
797 3385 886 3448 addis
910 3386 974 3449 duo
997 3387 1058 3450 alia
1081 3386 1266 3467 περιβοήτως
1290 3392 1308 3469 j
1333 3390 1351 3449 5
1376 3394 1407 3451 31
1429 3385 1715 3468 ἀναμφισβητήτως
1739 3387 1757 3467 ξ
1783 3388 1997 3469 2631131331
2021 3386 2166 3468 alterum,

378 3488 464 3570 apud
487 3487 735 3553 Demosthenem
761 3511 892 3574 quoque
914 3493 1032 3575 legitur
1054 3493 1178 3574 XVIII,
1203 3495 1266 3557 306
1290 3500 1386 3576 atque
1410 3493 1487 3556 alias
1510 3492 1594 3576 apud
1620 3499 1769 3572 31313133,
1792 3493 1932 3575 exempli
1961 3512 2059 3555 cansa
2081 3494 2164 3576 apud

376 3592 507 3674 Lysiam
531 3594 588 3673 IV,
613 3597 646 3664 9:
672 3597 735 3669 ,ἣν
756 3596 871 3669 ἔξεστιν
893 3599 977 3672 αὐτῷ
997 3599 1282 3681 ἀναμφισβητήτως
1303 3597 1407 3677 ἔχειν*
1431 3601 1521 3682 prius
1544 3597 1776 3661 Demosthenes
1800 3619 1863 3661 non
1888 3606 2023 3682 usurpat
2047 3637 2087 3644 -
2112 3600 2165 3662 ad·

375 3701 530 3781 jectivum
552 3701 683 3780 XVIII,
712 3704 775 3766 297
805 3710 836 3766 31
863 3704 1022 3785 XXXIV,
1051 3707 1092 3769 29
1121 3708 1210 3789 ponit
1239 3744 1279 3752 —
1308 3711 1357 3769 331
1388 3706 1472 3788 3336
1500 3705 1692 3768 Aeschinem
1721 3705 1750 3782 1,
1781 3705 1856 3766 113;
1890 3706 1953 3786 „dar
1981 3705 2166 3787 περιβοήτως

378 3807 583 3888 septimum,
602 3808 769 3872 duodecIm
790 3811 945 3891 adjectiva
962 3818 994 3874 et
1012 3811 1161 3875 adverbia
1179 3833 1198 3874 a
1217 3812 1321 3875 vorbis
1341 3813 1482 3874 derivata
1500 3813 1532 3873 in
1552 3811 1611 3874 hac
1629 3811 1771 3874 oratione
1791 3813 2008 3892 inveniuntur,
2028 3833 2162 3895 quornm

378 3914 478 3993 major
501 3934 573 3996 pars
598 3914 720 3977 abhoc
744 3923 866 3980 oratore
890 3918 1043 3999 singulari
1067 3919 1161 3980 modo
1185 3917 1318 3982 formata
1341 3927 1398 3982 331.
1444 3917 1611 3980 Ρ13313133
1637 3920 1954 3980 commemoraverim
1979 3919 2163 3982 adverbium

379 4020 398 4098 ξ
424 4020 464 4081 13
489 4023 658 4099 παρέργως,
683 4022 769 4103 quod
792 4023 878 4086 idem
901 4043 965 4085 non
990 4032 1053 4086 tam
1078 4043 1171 4106 saepe
1194 4024 1279 4107 apud
1301 4031 1442 4089 oratores
1465 4023 1543 4106 legi,
1571 4024 1709 4106 exempli
1738 4044 1834 4086 causa
1857 4024 1942 4106 apud
1966 4023 2163 4088 Diuarchnnr

378 4125 439 4201 111,
460 4127 514 4188 14:
536 4124 598 4197 ,(1τὶ
616 4125 663 4207 μὴ
683 4132 839 4207 παρέργως
857 4127 956 4207 ἔχων*
976 4150 1137 4211 nusquam
1157 4130 1242 4212 apud
1259 4128 1522 4207 Demosthenem;
1543 4130 1749 4211 adjectivum:
1771 4122 1867 4188 τᾶλλα
1887 4129 2026 4209 πάρεργα
2041 4130 2093 4210 LI,
2114 4133 2163 4193 17.

377 4230 426 4294 Ne
449 4234 521 4292 λίαν
545 4234 685 4315 quidem,
709 4235 795 4315 quod
818 4236 837 4316 6
863 4236 879 4296 1
906 4242 1024 4316 exstat,
1048 4233 1279 4299 Demosthenes
1308 4237 1435 4319 saepius
1459 4243 1602 4319 usurpat.
1648 4237 1788 4300 Additur
1811 4236 2033 4314 substantivis,
2062 4274 2102 4282 -
2127 4238 2164 4298 cl.

378 4336 534 4421 Kruegeri
558 4347 641 4403 artes
664 4341 694 4421 l,
719 4342 774 4420 50,
798 4343 832 4421 8,
856 4344 890 4421 4,
914 4380 955 4388 —
980 4342 1041 4421 VI,
1065 4343 1121 4418 21;
1146 4342 1309 4424 adjectivis
1333 4348 1364 4406 et
1387 4341 1544 4406 adverbiis
1568 4342 1658 4424 XIV,
1683 4344 1739 4423 41,
1762 4342 1842 4421 XX,
1868 4343 1944 4418 145,
1970 4342 2066 4410 XXI,
2092 4345 2165 4420 103,

378 4442 524 4526 XXVII,
545 4447 595 4522 16,
615 4449 667 4526 24,
685 4446 813 4527 XXIX,
834 4450 862 4527 2,
881 4447 1010 4528 XXXI,
1030 4450 1063 4526 2;
1083 4449 1188 4511 331613
1207 4447 1333 4530 XVIII,
1354 4450 1426 4527 174,
1449 4449 1543 4528 XXI,
1568 4451 1642 4528 205,
1660 4447 1742 4526 LIV,
1763 4449 1813 4509 11.
1842 4447 1959 4510 Contra
1977 4448 2163 4512 adverbium

378 4549 510 4629 σφόδρα,
534 4554 620 4634 quod
642 4555 826 4638 3311133331
845 4554 968 4637 legitur,
988 4568 1023 4618 et
1034 4554 1118 4615 πάνυ
1132 4562 1163 4619 31
1177 4555 1315 4636 μάλιστα
1336 4556 1438 4619 multo
1453 4557 1582 4638 saepius
1604 4560 1813 4637 usurpantnr;
1833 4553 1964 4633 σηόδρα,
1984 4557 2044 4617 nisi
2065 4555 2165 4631 131131,

379 4658 410 4719 13
431 4658 628 4722 3136331633
648 4679 722 4723 3313
745 4658 999 4725 Demosthenicis
1023 4664 1141 4742 1113133,
1164 4661 1248 4721 πάνυ
1270 4663 1339 4724 3133
1363 4661 1479 4740 πάνυγε
1498 4663 1596 4724 313133
1616 4662 1799 4743 quinquies,
1816 4661 1954 4740 μάλιστα
1975 4665 2163 4745 septuagies.

484 4763 736 4830 Transeamus
764 4768 1031 4831 36331631331
1057 4775 1284 4832 structuras.
1325 4767 1437 4831 statim
1462 4767 2076 4850 3133313633313113313331633331
2102 4767 2163 4832 Dc-

378 4870 555 4933 mosthenis
578 4891 642 4934 usn
667 4873 791 4936 dicendi
811 4875 996 4956 discrepant.
1036 4877 1082 4956 §1
1110 4873 1342 4952 ,ἀποδέχεσθαι
1365 4878 1422 4932 τῶν
1444 4872 1734 4953 ότακιλτυομένωωί.
1771 4873 1842 4936 Hoc
1864 4874 1995 4937 verbum
2021 4876 2065 4936 ita
2089 4895 2161 4936 cnm

377 4977 519 5058 genitivo
542 4980 701 5061 partiprii
729 4982 953 5061 conjunctum.
976 4989 1012 5043 ut
1036 4981 1162 5042 ἀκούειν
1185 4989 1216 5044 31
1239 4980 1357 5044 similia
1380 4979 1463 5062 apud
1487 4978 1708 5062 Hegesippum
1733 4979 1808 5058 Vll,
1833 4981 1889 5057 21,
1908 4985 1983 5049 ,τόν
2006 5003 2163 5056 συκοηαν-

378 5080 512 5142 τοόντων
536 5083 787 5167 ἀποόεχόμινοω,
810 5088 936 5166 legitur,
960 5107 1055 5170 quem
1080 5088 1119 5150 ad
1142 5088 1248 5150 locum
1267 5086 1515 5163 Rendamzius1)
1539 5085 1599 5148 alia
1619 5105 1660 5148 311
1676 5086 1853 5149 oratoribus
1869 5086 1965 5163 hujus
1985 5093 2163 5149 structurae

488 5226 513 5291 1)
533 5224 565 5277 13
584 5225 673 5277 136133
691 5225 727 5291 II,
746 5225 779 5277 ad
799 5226 990 5279 Demosthenis
1010 5243 1105 5280 333313
1126 5225 1294 5294 Ρ11111331333
1313 5225 1456 5288 orationes,
1476 5241 1534 5292 pag.
1555 5225 1608 5280 200
1627 5225 1677 5278 snb
1696 5223 1761 5275 ἀπό.
