5084 5984
1243 430 1400 437 -,.
1460 398 1508 467 ,4
1562 430 1657 436 ,.,,

697 609 736 669 Α.
782 607 1009 690 Propositio.

786 713 813 793 I)
836 720 864 773 εί
880 711 918 786 δή
937 736 980 779 τις
998 710 1175 792 ἐρωτήσειεν
1199 711 1280 791 ὑμᾶς
1299 749 1340 758 -
1362 712 1577 792 ὑβριζομένους
1595 718 1637 778 είς
1656 708 1769 776 παῖδας
1788 708 1843 768 καὶ
1861 711 2012 788 γυναῖκας
2032 710 2052 789 ξ
2074 711 2094 771 3
2119 706 2358 790 (exemplum).

756 818 815 896 Ill)
838 817 980 897 ἔστιγὰρ
998 823 1212 898 γεγραμμένον
1230 855 1272 863 -
1292 819 1474 898 ὁρμηθῶσιν
1493 820 1511 899 ξ
1533 818 1583 898 16,
1602 839 1619 880 11
1639 818 1701 898 (lex
1720 816 1875 895 foederis),

698 924 734 986 B.
781 926 1012 1008 Assumptio.

784 1032 810 1110 1)
835 1030 922 1112 παρά
943 1030 1011 1098 τοὺς
1030 1028 1139 1112 ὅρκους
1158 1034 1260 1091 τοίνυν
1280 1068 1319 1077 -
1340 1029 1569 1111 στρατεύεσθαι
1593 1033 1639 1090 ἐπ’
1661 1028 1758 1089 αὐτόν
1780 1027 1924 1096 ἅπαντας
1949 1031 1967 1110 §
1987 1032 2017 1108 4,
2038 1031 2068 1108 5,
2089 1028 2125 1108 6,
2147 1049 2168 1090 a
2195 1027 2343 1106 (1100θά11
2364 1047 2405 1089 15-

835 1139 1027 1220 sumptionis
1051 1137 1254 1220 approbatiol-
1269 1138 1418 1217 (factum).

753 1243 813 1320 111)
838 1242 916 1302 οὕτω
936 1248 1038 1303 τοίνυν
1055 1241 1166 1323 ῥᾳδίως
1187 1281 1226 1289 -
1246 1252 1288 1310 εἰς
1307 1247 1450 1304 Σικυῶνα
1470 1244 1646 1323 κατήγαγεν
1665 1245 1683 1325 ξ
1705 1244 1744 1303 16
1765 1243 1784 1305 b
1803 1243 1951 1322 (1110111111).

700 1350 730 1414 C.
778 1350 991 1414 Conclusio.

785 1456 811 1536 1)
835 1458 948 1516 οὐκοῦν
970 1455 1026 1515 ἐὰν
1049 1459 1181 1536 ποιῶμεν
1206 1493 1245 1502 -
1271 1461 1311 1531 τῷ
1331 1456 1556 1538 καταγαγόντι,
1581 1460 1599 1539 ξ
1620 1457 1655 1538 6,
1681 1457 1836 1540 repetitur
1859 1456 1878 1536 ἓ
1902 1456 1936 1535 8,
1964 1456 2119 1536 sequitur
2146 1455 2276 1538 petitio
2303 1454 2407 1516 adver-

838 1564 1034 1643 011110111οξ
1056 1565 1083 1625 9.

748 1669 808 1749 111)
832 1670 955 1739 οὐκοῦν,
973 1676 1001 1728 εί
1018 1667 1061 1729 δεῖ
1080 1646 1252 1730 πείθεσθαι
1274 1709 1313 1717 -
1334 1670 1603 1751 διαπεπραγμέναι
1622 1672 1641 1751 ξ
1659 1671 1710 1749 ll,
1730 1670 1875 1752 sequitur
1892 1669 2002 1751 petitio
2023 1667 2311 1730 adversariorum
2332 1668 2405 1748 §ld

695 1779 734 1839 A.
781 1776 1009 1858 Propositio

765 1882 808 1961 II)
832 1880 888 1942 ἐάν
908 1904 983 1949 τινες
1001 1881 1220 1942 καταλύσωσιν
1240 1920 1280 1928 —-
1299 1887 1482 1962 μετέχουσιν
1505 1885 1524 1964 ξ
1546 1885 1610 1946 100
1632 1882 1778 1962 (foederis
1803 1883 1876 1961 lex).

753 1988 811 2068 IV)
834 1987 898 2049 ἔστι
916 1988 978 2068 γάρ
996 1994 1028 2048 ἐν
1047 1991 1114 2056 ταῖς
1133 1987 1310 2063 συνθήκαις
1330 2027 1370 2035 -
1390 1994 1573 2070 μετέχουσιν
1591 1990 1610 2071 §
1632 1990 1672 2051 19
1692 1989 1836 2070 (foederis
1860 1988 1932 2067 lex).

697 2095 733 2157 B.
778 2096 1012 2179 Assumptio.

766 2201 810 2280 ll)
835 2206 1032 2281 σκέψασθε
1051 2202 1090 2273 δ’,
1110 2196 1256 2282 ὦάνδρες
1272 2202 1499 2282 Ἀθηναῖοι,-
1512 2206 1732 2281 ἐγκατέστήσεν
1751 2202 1769 2282 §
1791 2201 1871 2282 10,b
1890 2201 2039 2281 (factum).

752 2307 810 2387 IV)
834 2308 957 2376 οὐκοῦν,
976 2301 1121 2387 ὧάνδρες
1133 2309 1299 2382 Ἀθηναῖοι
1317 2308 1501 2389 ἑοράκατε
1514 2346 1554 2354 -
1566 2307 1690 2380 ἐτάξατε
1710 2310 1882 2368 Μενεσθεά
1903 2310 1921 2389 ξ
1942 2309 1983 2370 20
2003 2307 2162 2388 (factum).

699 2414 730 2479 O.
778 2414 992 2477 Conclusio

769 2521 812 2599 II)
836 2526 869 2579 ἐκ
889 2518 926 2593 δή
946 2519 1061 2580 τούτων
1079 2520 1207 2599 πότερον
1230 2519 1748 2601 πειθώμεθα-πεπλουτηκότων;
1772 2522 1791 2602 ξ
1814 2523 1850 2583 11
1878 2521 2054 2600 (conclusio
2078 2518 2114 2582 fit
2141 2525 2333 2588 enunciato
2356 2526 2397 2586 iu·

837 2628 1048 2710 terrogativol,
1071 2628 1176 2706 (verbo
1200 2635 1382 2710 sequuntur
1404 2635 1514 2691 contra
1536 2627 1747 2691 Macedonum
1771 2629 1890 2691 amicos
1914 2627 2008 2710 facta)
2032 2626 2050 2706 ξ
2078 2627 2130 2706 12,
2160 2629 2217 2709 13,
2248 2632 2302 2692 14.

752 2734 808 2813 IV)
833 2737 893 2799 πῶς
915 2727 971 2794 οὖν
993 2736 1051 2794 οὑκ
1075 2733 1193 2794 άτοπον
1214 2728 1252 2779 -’
1272 2735 1524 2815 ώλιγωρημένοις;
1548 2736 1566 2816 ξ
1587 2736 1644 2816 21,
1671 2734 1846 2814 (conclusio
1875 2734 1911 2797 fit
1938 2734 2108 2797 enunciato
2138 2735 2393 2819 interrogativul.

838 2840 944 2918 (rerba
968 2849 1152 2923 sequuntur
1175 2846 1284 2903 contro
1307 2840 1518 2904 Macedonum
1543 2842 1662 2903 amicos
1686 2841 1776 2921 facta)
1801 2842 1819 2921 ξ
1844 2843 1897 2918 22,
1917 2842 1968 2919 23,
1988 2841 2040 2919 24,
2060 2841 2110 2901 25.

699 2948 890 3010 Accuratius
915 2947 952 3009 de
976 2948 1026 3010 his
1050 2948 1292 3030 epichirematis,
1316 2966 1398 3029 quae
1420 2967 1488 3010 non
1511 2954 1575 3009 tam
1599 2966 1640 3010 ex
1664 2948 1839 3011 rhetoricae
1864 2967 1960 3030 quum
1985 2966 2026 3009 ex
2050 2947 2173 3027 logicae
2197 2951 2286 3014 artis
2310 2969 2392 3034 pmc-

592 3055 692 3135 ceptis
709 3055 855 3116 instituta
874 3061 960 3132 sunt,
981 3054 1064 3116 infra
1083 3053 1273 3118 tractabitur.
1317 3055 1380 3118 llic
1399 3055 1475 3118 satis
1494 3061 1550 3134 est,
1570 3074 1606 3116 ea
1624 3060 1752 3137 propter
1770 3074 1930 3117 011111111ου1
1950 3052 2198 3116 similitudinem
2221 3058 2392 3139 reprehen-

593 3160 686 3223 disse.
733 3160 838 3222 Etiam
862 3161 895 3221 iu
918 3160 1056 3242 reliquis·
1075 3161 1254 3223 enunciatis
1278 3168 1388 3223 auctor
1410 3161 1509 3241 hujus
1532 3163 1682 3224 orationis
1708 3181 1823 3224 rursus
1850 3179 2029 3242 rursusque
2051 3160 2154 3222 formu
2179 3163 2391 3227 conditionali

592 3269 702 3330 11111111.
743 3266 876 3349 Legis§
899 3269 913 3327 1
940 3265 1028 3337 άξιον
1047 3265 1259 3344 ἀποδέχεσθαι
1279 3270 1335 3326 τῶν
1352 3267 1610 3347 διακελευομένων
1628 3271 1770 3347 ἐμμένειν
1787 3271 1888 3346 εἴπερ
1907 3265 1986 3326 αὐτὸ
2005 3269 2204 3343 πεπεισμένοι
2231 3275 2391 3338 ποιοῦσιν,·

594 3376 612 3453 ξ
632 3376 652 3434 8
672 3375 787 3433 οὐκοῦν
805 3371 981 3450 ἀναγκαῖόν
999 3378 1082 3432 ἐστιν
1102 3373 1176 3453 ήμῖν
1194 3376 1294 3452 εἴπερ
1315 3375 1375 3439 τοῖς
1395 3371 1496 3453 ὅρκοις
1515 3377 1723 3453 ἐμμενοῦμεν;
1747 3375 1765 3455 ξ
1786 3376 1804 3435 5
1824 3374 1921 3437 verba
1944 3372 2131 3446 011111011δή
2151 3373 2197 3434 δεῖ
2216 3382 2255 3435 εί
2277 3380 2392 3456 μέντις

594 3479 677 3558 ὑμᾶς
696 3476 967 3558 ταῦτα’βιάζοιτο,
990 3477 1129 3558 μάλιστα
1150 3481 1385 3558 ἀγανακτῆσαι,
1409 3487 1442 3538 el
1459 3479 1493 3540 δέ
1512 3483 1643 3560 ἑτέρωθί
1664 3503 1724 3540 που
1746 3484 1847 3560 γέγονε
1872 3479 1959 3559 παρὰ
1983 3480 2053 3547 τοὺς
2077 3478 2152 3559 πρὸς
2173 3480 2265 3560 ὑμᾶς
2284 3481 2391 3562 ὅρκους

592 3583 638 3664 μή
657 3584 862 3662 φυλάξασθαι
882 3585 945 3644 καὶ
966 3587 1041 3665 ἡμῖν
1058 3589 1117 3664 μὲν
1135 3584 1369 3646 διακελεύεσθαι
1388 3593 1419 3650 01
1438 3588 1457 3667 ἓ
1480 3588 1518 3648 ll
1538 3594 1571 3646 εἰ
1587 3590 1655 3665 μὲν
1673 3580 1730 3647 οὖν
1748 3587 1791 3646 δεῖ
1809 3585 2055 3665 ἐπικρύπτεσθαι
2073 3588 2211 3661 τάληθῆ,
2239 3588 2333 3648 οὐδὲν
2351 3587 2390 3647 δεῖ

592 3695 688 3770 λέγειν
706 3690 752 3750 ότι
771 3691 849 3751 εἰσὶν
867 3698 902 3749 αἱ
921 3690 1155 3761 Μακεδονικαί,
1178 3699 1211 3751 εἰ
1228 3692 1263 3752 δέ
1287 3694 1344 3753 οὐκ
1364 3696 1492 3753 ἀνιᾶσιν
1514 3700 1544 3753 ol
1563 3694 1641 3753 καθ’
1670 3694 1753 3773 ὑμῶν
1776 3698 1816 3767 τῷ
1831 3692 1996 3754 Μακεδόνι
2017 3693 2165 3772 ὑπηρέται
2185 3695 2389 3773 προςτάττον

594 3821 700 3864 τες-
722 3835 762 3842 -
784 3803 957 3877 πεισθῶμεν
975 3799 1080 3865 αὐτοῖς
1100 3836 1140 3843 -
1163 3837 1203 3844 -
1223 3800 1287 3859 καὶ
1309 3838 1348 3845 -
1370 3836 1409 3845 -
1429 3800 1671 3880 βουλευσήυεθα
1691 3801 1834 3884 0111111110
1854 3805 1926 3882 post
1945 3801 1963 3880 ᾖ
1986 3801 2025 3861 18
2045 3798 2117 3857 κάν
2133 3803 2204 3878 μέν
2224 3825 2255 3860 τι
2277 3795 2298 3885 η’
2317 3800 2390 3879 πρός

595 3909 650 3964 τῶν
677 3906 796 3983 ἐχθρῶν
824 3942 864 3950 -
887 3943 925 3949 -
954 3910 1042 3964 τοῦτο
1068 3908 1127 3985 μὲν
1154 3904 1283 3985 ἰσχυρόν
1311 3905 1507 3980 ποιήσουσιν,
1535 3906 1600 3966 ἐάν
1628 3906 1698 3966 δέτι
1726 3908 1872 3986 ἡμέτερον
1899 3899 1920 3990 ή
1941 3944 1981 3952 -
2002 3945 2043 3952 -
2069 3903 2142 3985 πρὸς
2172 3911 2268 3966 τοῦτο
2297 3907 2328 3968 δέ
2350 3945 2385 3954 -

593 4011 820 4085 οἰήσονται...
868 4011 1035 4074 Praeterea
1056 4012 1157 4074 forma
1181 4012 1401 4075 conditionalis
1424 4020 1471 4076 ter
1493 4013 1609 4096 legitur
1633 4016 1652 4094 ξ
1677 4016 1705 4075 3.
1752 4021 1784 4073 εἰ
1806 4013 1847 4086 δή
1873 4037 1924 4079 τις
1953 4012 2189 4092 ἐρωτήσειεν-
2211 4051 2258 4060 -
2283 4019 2318 4075 εἴ
2341 4039 2390 4081 τις

594 4116 777 4196 ἀναγκάζοι,
797 4115 888 4196 οἶμαι
906 4124 939 4176 ει
956 4110 1053 4191 ήσαν
1072 4123 1103 4181 01
1122 4120 1140 4199 ξ
1162 4118 1201 4179 27
1222 4125 1253 4182 01
1272 4120 1290 4199 ξ
1312 4120 1362 4180 30.
1409 4119 1512 4195 Quam
1532 4140 1643 4203 parurn
1665 4127 1768 4182 orator
1785 4121 1818 4181 in
1839 4121 2006 4183 sententiis
2024 4120 2259 4203 componendis
2280 4123 2390 4197 variet,

593 4228 688 4289 ctiam
712 4223 808 4286 verba
831 4225 850 4301 ,ξ
871 4224 912 4284 26
937 4224 1168 4303 demonstrant,
1195 4226 1228 4287 in
1258 4225 1375 4307 quibus
1399 4236 1511 4310 quater
1534 4227 1682 4311 deinceps
1712 4225 1844 4288 articulo
1869 4224 1956 4295 „16⁶⁴
1981 4246 2062 4289 usus
2085 4233 2146 4289 est:
2171 4224 2211 4285 τὸ
2239 4231 2312 4307 μὲν
2334 4221 2389 4288 οὖν

595 4331 661 4413 περὶ
681 4330 719 4390 τὰ
739 4332 830 4389 πλοῖα
851 4368 891 4376 -
914 4367 954 4378 -
976 4334 1155 4403 τηλικοῦτον
1174 4335 1304 4411 παρέβη,
1325 4330 1402 4392 τὸδὲ
1425 4332 1681 4413 ὑβριστικώτατον
1699 4371 1741 4378 -
1763 4369 1802 4378 -
1825 4332 1862 4392 τὸ
1882 4332 1985 4413 πρῴην
2006 4335 2206 4413 γεγενημένον
2224 4339 2326 4404 ἐστίν,
2352 4333 2389 4393 τὸ

595 4442 748 4518 τολμήσαι
777 4443 808 4499 01
836 4456 917 4517 quac
946 4443 1136 4519 sequuntur.
1183 4435 1306 4501 Deinde
1334 4439 1368 4501 in
1395 4441 1591 4523 paragrapho
1620 4441 1768 4523 proxima
1795 4440 1908 4502 eodem
1935 4440 2029 4502 modo
2058 4459 2132 4502 cum
2156 4441 2388 4520 conjunctione

595 4544 652 4605 ότι
676 4552 706 4607 01
731 4542 862 4606 1111101110
887 4540 926 4601 τό
949 4545 1062 4626 pergit:
1087 4542 1142 4603 καὶ
1163 4549 1251 4605 τοῦτο
1271 4547 1328 4623 οὐχ
1348 4544 1403 4605 ότι
1420 4549 1480 4625 μία
1503 4545 1625 4626 τριήρης
1643 4540 1683 4619 ήν
1700 4545 1814 4625 μικρὸν
1834 4546 2038 4618 ὑποληπτέον,
2062 4545 2128 4604 ἀλλ’
2150 4542 2168 4602 ό
2175 4568 2206 4604 τι
2226 4545 2386 4624 ἀπόπειρα

595 4654 709 4729 ἐγένετο
731 4687 769 4695 -
792 4686 833 4694 —-
853 4647 908 4707 καὶ
928 4646 983 4707 ότι
1003 4651 1060 4709 οὐκ
1080 4649 1266 4729 ἐηρόντισαν
1285 4689 1325 4696 -
1347 4651 1471 4712 -ἐπεὶ
1496 4651 1550 4712 ὅτι
1574 4675 1604 4732 γε
1631 4659 1719 4713 τοῦτο
1740 4651 1913 4729 παράδυσις
1931 4645 1971 4725 ἦν
1990 4690 2031 4698 -
2053 4689 2092 4698 -
2113 4652 2267 4712 κάκεῖθεν
2286 4654 2386 4727 δῆλον,

596 4756 721 4836 τὸγὰρ
747 4793 786 4800 -
808 4791 851 4801 -
874 4757 1036 4814 αἰτεῖσθαι
1060 4755 1331 4834 ναυπηγήσασθαι
1355 4796 1395 4803 -
1417 4797 1473 4828 -,
1498 4765 1557 4826 πῶς
1580 4761 1617 4819 οὐ
1640 4763 1821 4836 καταφανές
1840 4761 1928 4830 ποιεῖ,
1949 4757 2005 4818 ότι
2028 4757 2098 4818 ἀντὶ
2117 4762 2180 4818 τοῦ
2202 4764 2334 4826 είςπλεῖν
2356 4767 2387 4824 01

595 4884 677 4948 quac
701 4867 890 4945 sequuntur.
930 4860 1048 4936 Quater
1071 4883 1145 4925 cum
1169 4865 1213 4929 ὡς
1236 4873 1267 4927 01
1285 4866 1447 4948 participio
1467 4866 1564 4930 verba
1582 4867 1692 4929 eodem
1712 4866 1806 4928 modo
1826 4867 1958 4947 adicit§
1980 4867 1996 4926 7
2022 4867 2066 4933 ὡς
2085 4864 2281 4946 ἀδικήματος
2300 4867 2385 4934 ὄντος

595 4975 649 5030 τοῦ
668 4969 897 5049 πολιτεύματος,
917 4971 989 5050 §12
1008 4971 1052 5037 ὡς
1071 4969 1126 5028 καὶ
1146 4976 1198 5043 τής
1216 4975 1373 5051 ἐπιορκίας
1392 4971 1619 5053 αὐτοκράτορος
1638 4971 1724 5039 ὄντος
1743 4975 1859 5031 ἐκείνου
1874 4973 1892 5053 ξ
1908 4973 1949 5034 23
1969 4971 2088 5052 ὥσπερ
2107 4979 2139 5033 ἐν
2150 4971 2347 5053 Ἀβδηρίταις
2367 4974 2384 5047 ή

595 5079 822 5155 Μαρωνείταις,
851 5079 917 5136 ἀλλ’
949 5080 1006 5135 οὐκ
1035 5082 1067 5136 έν
1087 5075 1270 5150 Ἀθηναίοις
1298 5078 1525 5159 πολιτευόμενοι
1554 5081 1635 5160 §24
1658 5079 1702 5146 ὡς
1726 5083 1766 5152 τῷ
1786 5082 1973 5159 συμφέροντι
1997 5083 2204 5159 προελομένην
2225 5088 2383 5161 χρῆσθαι.

595 5184 684 5260 Quae
707 5185 852 5266 exempla
877 5205 951 5247 curn
976 5184 1147 5263 attulerim,
1170 5202 1263 5246 nomo
1288 5185 1424 5268 negabit,
1446 5187 1631 5250 varietatem
1655 5188 1688 5248 in
1712 5187 1771 5249 hac
1794 5188 1937 5249 oratione
1960 5186 2053 5249 valde
2077 5187 2256 5250 desiderari.
