5084 5984
1350 453 1508 458 μ
1566 419 1588 490 ,
1645 453 1800 459 ,

791 628 995 692 Substantias
1015 632 1033 708 §
1055 628 1095 689 15
1115 636 1197 690 certe
1221 647 1262 690 ex
1285 629 1387 710 ipsius
1409 627 1545 690 foederis
1568 628 1672 690 verbis
1696 637 1840 712 prompta
1862 629 1896 689 in
1920 629 2139 709 quaestionem
2167 628 2228 688 hic
2255 645 2331 687 non
2360 626 2496 687 vocanda

685 744 775 798 sunt:
805 734 963 814 δήμευσις,
987 735 1071 817 apud
1095 734 1344 798 Demosthenem
1368 754 1432 796 non
1456 739 1560 797 exstat
1583 735 1620 795 cf.
1646 735 1741 797 Arist.
1766 733 1856 796 Polit.
1881 733 1937 814 IV,
1964 733 2014 810 11,
2038 733 2092 812 VI,
2117 735 2151 811 33
2184 729 2399 811 ἀναδασμός
2421 733 2496 815 apud

684 840 932 904 Demosthenem
966 861 1097 923 queque
1129 843 1162 903 in
1195 841 1408 923 psephismate
1431 839 1556 917 XXIV,
1586 841 1648 902 149
1677 850 1708 903 51
1736 840 1819 902 Plut.
1843 838 1906 902 Res
1934 839 2018 922 publ.
2044 837 2135 919 VIII,
2164 839 2250 919 560,
2276 858 2314 907 e;
2354 837 2496 912 ἀποκοπή

684 948 769 1031 apud
788 947 1035 1010 Demosthenem
1056 949 1088 1008 in
1108 948 1321 1030 psephismate
1341 945 1465 1024 XXIV,
1486 948 1548 1009 149
1568 947 1750 1009 Andocides
1769 945 1795 1025 I,
1814 949 1870 1020 883
1895 946 2139 1023 ἀπελευθέρωσις
2158 946 2256 1029 apud
2280 943 2494 1008 Plutarchum

685 1054 802 1137 Peplie.
826 1054 904 1131 Vll,
930 1053 1127 1132 νεωτερισμός
1150 1052 1229 1116 Plat.
1253 1051 1329 1135 Rep.
1353 1051 1444 1130 VIII,
1470 1054 1541 1133 555,
1565 1053 1593 1114 d.
1618 1051 1711 1135 Legg.
1735 1051 1791 1132 Vl,
1817 1053 1889 1130 758,
1913 1072 1938 1114 e.
1962 1052 2122 1135 leguntur.
2169 1052 2241 1115 Sed
2269 1052 2345 1134 alia
2370 1051 2412 1115 ab
2435 1054 2495 1136 ipse

685 1168 813 1223 auctore
839 1169 991 1242 usurpata
1014 1159 1212 1223 substantiva
1237 1159 1405 1221 accedunt:

792 1266 980 1348 §201egis
1006 1267 1174 1344 hnaeeepe'e:
1205 1264 1436 1327 Demosthenes
1459 1265 1527 1327 loeo
1556 1266 1625 1346 ejus
1653 1263 1847 1326 vocabulum
1879 1265 2074 1342 ὑπερηρανία
2103 1247 2209 1346 ponit'
2230 1263 2349 1348 XXI,
2379 1268 2435 1345 83,
2460 1267 2495 1329 96

688 1373 761 1450 137,
786 1374 858 1452 195,
884 1374 955 1436 199.
1003 1371 1118 1434 Contra
1141 1371 1226 1453 apud
1250 1371 1346 1433 Isocr.
1371 1370 1462 1451 VIII,
1486 1371 1527 1432 eo
1552 1369 1679 1450 ethys.
1704 1369 1782 1446 XII,
1806 1372 1847 1433 93
1872 1372 2043 1434 invonitur.

792 1482 811 1559 §
842 1480 883 1540 2-5
912 1479 1007 1541 verba
1036 1486 1112 1541 sunt
1136 1475 1292 1558 προβολὰς
1319 1481 1436 1556 ἐτέρας,
1470 1496 1552 1558 quae
1576 1478 1641 1558 jam
1666 1476 1897 1560 Harpocration
1922 1483 2065 1539 annotat:
2091 1476 2189 1546 ,ἀντὶ
2217 1483 2279 1537 τοῦ
2308 1479 2495 1558 ἀσφαλείας,

685 1590 718 1644 ἐκ
748 1583 863 1643 πόλεων
889 1585 906 1659 η’
931 1590 1035 1663 τειχῶν
1057 1584 1077 1658 ἢ
1101 1589 1187 1644 τινῶν
1210 1583 1309 1643 ἄλλων
1331 1581 1493 1662 δυνάμεων
1520 1583 1569 1642 ἐπὶ
1593 1584 1729 1662 σωτηρίᾳ
1752 1582 1808 1642 καὶ
1831 1582 1937 1661 κράτει
1965 1586 2185 1663 γιγνομένωνῑι.
2238 1583 2495 1651 Demosthenes

686 1711 880 1773 quamquam
906 1692 1097 1755 vocabulum
1120 1693 1219 1773 ponit,
1243 1697 1349 1752 tamen
1374 1689 1435 1751 alia
1458 1696 1554 1771 atque
1573 1708 1610 1751 ea
1624 1688 1761 1769 juridico
1780 1689 2013 1771 significatione
2032 1697 2176 1772 usurpat,
2199 1698 2241 1754 ut
2261 1694 2313 1756 sit
2334 1696 2494 1757 accusatio

686 1797 842 1879 quaedam
865 1798 1000 1880 publica.
1013 1800 1034 1878 1)
1080 1797 1170 1877 Vim,
1195 1817 1290 1880 quam
1315 1796 1466 1859 hocloco
1491 1794 1627 1876 προβολή
1651 1794 2020 1878 p1·aebet,l1abetapud
2044 1795 2194 1880 Xenoph.
2223 1796 2421 1863 Memorab.
2445 1801 2495 1874 111,

688 1906 717 1985 5,
742 1905 781 1965 27
807 1910 838 1966 51
861 1904 947 1987 apud
970 1903 1145 1983 Platonem,
1168 1923 1233 1966 non
1256 1904 1341 1985 apud
1365 1909 1515 1965 oratores.

792 2010 872 2090 §26
902 2009 1059 2089 ἀπόπειρα
1090 2010 1148 2072 hoc
1177 2030 1307 2093 quoque
1336 2009 1575 2071 substantivum
1604 2028 1710 2091 neque
1735 2009 1820 2092 apud
1838 2007 2087 2072 Demosthenem
2112 2029 2223 2091 neque
2248 2011 2351 2094 apud
2377 2019 2492 2076 eeteros

687 2123 825 2179 oratores
848 2117 983 2199 repperI,
1005 2117 1067 2198 legi
1092 2117 1176 2199 apud
1200 2136 1308 2179 rerum
1332 2117 1501 2198 scriptores
1525 2122 1556 2178 et
1578 2114 1777 2178 Herodotum
1801 2124 1832 2178 et
1854 2115 2083 2196 Thucydidem.

793 2224 876 2303 §27
906 2225 983 2285 item
1013 2241 1118 2304 neque
1151 2243 1169 2284 a
1198 2222 1411 2285 Demosthene
1444 2240 1550 2303 neque
1578 2221 1616 2282 ab
1645 2224 1757 2285 ceteris
1786 2221 1962 2285 oratoribus
1992 2222 2235 2285 substantivum
2268 2225 2489 2305 παράδυσις

687 2338 875 2413 usurpatum
902 2337 958 2391 est.

793 2437 811 2515 §
837 2437 878 2496 28
900 2413 1062 2513 Ἑθισρὺἱς,
1087 2436 1172 2517 quod
1202 2456 1275 2498 cum
1300 2437 1355 2498 illo
1380 2436 1589 2515 conjunctum
1613 2440 1671 2515 est,
1694 2435 1881 2499 Aristoteles
1901 2435 2002 2498 Ethie.
2022 2435 2048 2513 I,
2069 2436 2085 2496 7
2111 2444 2142 2497 51
2166 2433 2339 2515 Polybius
2367 2440 2486 2520 saepius

685 2546 932 2624 usurpaverunt,
955 2540 1065 2603 nullus
1090 2549 1203 2603 orator.

792 2648 872 2727 §29
899 2647 984 2709 idem
1009 2645 1091 2708 eadit
1113 2647 1146 2708 in
1171 2646 1408 2711 substantivum
1432 2646 1563 2718 ἔκλυσιν,
1587 2648 1675 2731 quod
1693 2650 1819 2731 propria
1838 2648 2068 2731 significatione
2091 2648 2234 2730 corporis
2256 2647 2482 2713 dissolutionis

685 2754 770 2837 apud
799 2753 956 2816 Galeuum
985 2761 1016 2816 et
1043 2752 1268 2835 Hippocratem
1299 2755 1425 2836 saepius
1453 2756 1627 2835 iuvenitur,
1655 2755 1712 2816 hac
1737 2755 1886 2817 translata
1910 2754 2151 2838 significatione,
2174 2755 2240 2816 nisi
2265 2756 2380 2839 fallor,
2404 2757 2479 2820 nullo

684 2862 745 2924 alio
768 2861 852 2938 loco,
877 2864 986 2942 poetae
1010 2861 1052 2920 Ita
1076 2869 1242 2942 usurpant,
1266 2865 1302 2923 ut
1325 2860 1544 2924 liberationem
1570 2861 1734 2944 signiticet.

791 2968 995 3047 Adjeetiva
1019 2966 1176 3046 addimus,
1200 2987 1281 3049 quae
1305 2988 1322 3029 a
1345 2966 1573 3031 Demosthems
1596 2987 1711 3051 genere
1736 2967 1860 3030 dicendi
1883 2968 2045 3031 recedunt.

797 3073 942 3135 Primum
977 3075 995 3150 §
1030 3075 1048 3134 3
1084 3072 1307 3152 ἀργυρώνητος,
1341 3075 1426 3156 quod
1460 3075 1545 3156 apud
1573 3074 1753 3138 Lucianum
1785 3079 1816 3136 et
1844 3073 2051 3137 Plutarchum
2086 3074 2228 3156 saepius,
2262 3077 2369 3138 etiam
2405 3076 2479 3159 apud

685 3179 859 3242 Isocratem
887 3178 951 3256 IV,
982 3180 1057 3257 1⁶23,
1080 3177 1171 3259 XIV,
1197 3179 1252 3258 18,
1278 3181 1449 3243 Invenitur.
1496 3180 1675 3244 Posteriora
1707 3181 1775 3243 loeo
1805 3179 1901 3242 verba
1930 3182 2047 3243 mirum
2077 3183 2111 3243 in
2136 3179 2270 3242 modum
2304 3181 2349 3244 ad
2379 3191 2480 3245 nostra

685 3286 851 3349 accedunt:
876 3284 964 3344 οὐδέν
989 3278 1078 3357 ἧττον
1102 3289 1157 3342 τών
1180 3284 1403 3363 ἀργυρωνήτων
1425 3285 1626 3347 δουλεύουσιν.

792 3395 810 3468 ,ξ
835 3393 855 3453 8
883 3390 1083 3469 ὑπεράτοποτ,
1112 3391 1249 3474 simplex
1277 3390 1469 3471 adjectiVum
1498 3391 1612 3458 ἄτοπος
1641 3395 1768 3476 saepius
1790 3391 2020 3456 Demosthenes
2049 3398 2185 3475 usurpat
2203 3391 2230 3469 Ι,
2250 3394 2307 3474 26,
2333 3394 2412 3473 XV,
2433 3396 2478 3472 25,

685 3497 786 3578 XLV,
806 3500 858 3577 51,
878 3499 929 3576 52,
949 3498 1001 3574 to,
1025 3496 1124 3572 1114,
1144 3498 1195 3576 21,
1223 3497 1280 3560 sed
1307 3498 1385 3561 haec
1412 3500 1565 3581 gradatio,
1593 3519 1675 3582 quae
1703 3500 1740 3561 fit
1766 3501 1997 3582 praepositione
2024 3500 2097 3580 ὑπέρ
2120 3497 2272 3581 praelixa,
2298 3501 2395 3563 verbi
2416 3503 2476 3582 jam

684 3625 741 3686 per
765 3623 798 3666 se
821 3605 1001 3686 gravissimi
1030 3603 1216 3666 abhorrete
1240 3605 1377 3686 simplIei
1400 3603 1624 3668 Demosthenis
1654 3626 1717 3669 usu
1746 3605 1886 3681 dicendi,
1916 3625 2021 3688 neque
2048 3606 2133 3689 apud
2157 3604 2257 3669 elium
2286 3607 2476 3689 scriptorem

686 3710 746 3772 hec
779 3711 971 3792 adjectivum
1005 3710 1135 3792 legitur,
1171 3718 1219 3773 est
1256 3718 1362 3774 autem
1400 3711 1493 3794 plane
1530 3732 1571 3774 ex
1604 3712 1701 3793 hujus
1739 3713 1871 3773 oratoris
1905 3713 2146 3776 eonsuetudme.
2206 3710 2247 3773 In
2279 3715 2476 3776 universum

686 3817 771 3878 enim
800 3817 861 3878 hoc
890 3817 959 3878 leco
987 3825 1166 3880 memoratu
1195 3817 1328 3895 dignum
1357 3817 1499 3898 videtur,
1528 3838 1624 3900 quam
1653 3818 1764 3880 multis
1788 3818 1989 3900 superlativis
2013 3827 2109 3901 atque
2132 3818 2203 3881 aliis
2225 3817 2338 3881 verbis
2364 3837 2478 3902 magna

687 3925 718 3985 vi
747 3924 844 4003 hujus
872 3925 1022 3986 erationis
1052 3930 1160 3985 auctor
1190 3932 1304 3984 utatur.
1348 3916 1474 4005 Optime
1497 3923 1558 3986 hoo
1581 3924 1696 3986 docent
1720 3924 1912 4006 superlativa
1936 3925 2004 3986 illa:
2039 3927 2057 4005 §
2082 3925 2122 3986 26
2151 3923 2186 3983 τό
2216 3924 2479 4004 ὑβριστικώτατον

685 4030 741 4090 καὶ
771 4029 1061 4108 ὑπεροπτικώτατον,
1091 4049 1229 4112 quorum
1258 4031 1347 4111 prius
1377 4031 1471 4092 etiam
1500 4030 1583 4113 apud
1602 4028 1850 4093 Demosthenem
1875 4029 2003 4112 legitur,
2024 4031 2125 4094 forma
2143 4033 2365 4113 comparativa
2385 4030 2479 4108 XIX,

687 4139 739 4215 85,
762 4136 877 4217 XXII,
901 4138 956 4215 54,
985 4137 1118 4198 alterum
1148 4136 1233 4220 apud
1262 4137 1431 4199 Isocratem
1459 4137 1489 4215 I,
1514 4138 1554 4199 30
1583 4135 1648 4217 (τὸν
1672 4140 1729 4195 τῶν
1752 4135 1959 4216 ὑπιροπτικών
1982 4135 2085 4216 ὅρκον)
2110 4145 2142 4200 51
2165 4137 2425 4220 Xenophontem
2449 4145 2478 4200 et

686 4243 865 4322 Platonem,
904 4262 966 4305 non
998 4243 1082 4325 apud
1111 4241 1368 4306 Demosthenem.
1424 4242 1497 4305 Alia
1525 4243 1765 4326 superlaIIva
1797 4243 2008 4306 inveniuntur
2036 4245 2054 4324 §
2086 4246 2126 4306 15
2150 4244 2477 4322 καταγελαστότατον,

687 4353 705 4427 ξ
726 4350 767 4411 20
792 4352 1011 4428 ἐναργέστατα,
1036 4353 1053 4429 ς’
1075 4351 1116 4410 22
1141 4351 1210 4427 παρ’
1237 4347 1408 4425 ἐλάχιστον,
1433 4350 1513 4430 §23
1539 4349 1804 4430 ὑβριστικώτατον,
1828 4350 1908 4429 §26
1933 4350 1983 4430 (cf.
2004 4353 2109 4433 supra)
2135 4349 2400 4431 ὑβριστικώτατον
2423 4350 2476 4410 καὶ

688 4454 983 4532 ὑπεροπτικώτατον,
1004 4456 1022 4535 §
1039 4456 1081 4516 28
1100 4455 1309 4524 εὑτελίστατα,
1329 4456 1400 4535 §30
1420 4457 1451 4526 ἐξ
1469 4454 1681 4533 ἀρχαιοτάτου
1695 4454 1750 4514 καὶ
1766 4457 1913 4515 πλείστων
1927 4455 1982 4516 καὶ
1995 4456 2134 4535 μάλιστα
2150 4455 2276 4515 πάντων
2290 4457 2477 4535 ἀνθρώπων.

793 4563 866 4625 Alia
895 4562 1056 4640 voeabula,
1084 4563 1118 4624 in
1148 4561 1265 4644 quibus
1289 4562 1373 4623 inest
1400 4563 1500 4643 major
1526 4564 1678 4645 gravitas,
1705 4563 1838 4644 reperis3
1869 4563 1887 4643 §
1913 4564 1932 4624 5
1961 4562 2154 4643 περιβόητος,
2183 4563 2245 4643 §8
2272 4561 2477 4642 ὑπεράτοττος,

687 4675 704 4750 §
728 4672 764 4731 ll
791 4669 841 4750 (cf.
866 4679 974 4751 supra)
996 4667 1248 4749 βδελινρεὺεσάαι,
1279 4671 1296 4750 §
1319 4671 1358 4730 12
1383 4672 1563 4747 παμπληθῆ
1586 4672 1731 4737 τοιαῦτα,
1761 4669 1842 4748 §14
1867 4668 1990 4748 ταραχή
2014 4667 2129 4735 άτσπος
2152 4668 2207 4727 καὶ
2229 4668 2369 4749 μεγάλη,
2394 4672 2414 4751 §
2437 4671 2474 4732 17

687 4779 868 4840 δεσποτικῶς
891 4774 946 4833 καὶ
970 4776 1107 4852 ἀσελγῶς.
1145 4775 1264 4838 Similis
1292 4781 1449 4838 structura
1475 4777 1593 4855 majore
1616 4776 1649 4836 Vi
1672 4782 1720 4837 est
1744 4775 1762 4852 ξ
1784 4775 1821 4835 ll
1848 4775 1886 4841 ὡς
1908 4774 1963 4833 καὶ
1987 4778 2040 4849 τῆς
2063 4775 2220 4852 ἐπιορκίας
2242 4775 2477 4857 αὐτοκράτορος

687 4882 773 4942 ὄντα
795 4885 921 4950 ἐκείνου,
946 4901 1041 4964 quam
1062 4883 1128 4962 jam
1154 4880 1296 4944 Blassius
1321 4882 1436 4952 laudat,
1460 4890 1556 4964 atque
1579 4901 1613 4944 re
1636 4900 1711 4943 vera
1734 4879 1949 4945 Demosthene
1972 4901 2037 4944 11511
2060 4883 2190 4965 indigna
2214 4887 2270 4944 est

793 4989 862 5050 Hae
878 4990 1074 5071 digressione
1090 4988 1179 5066 facta,
1189 5007 1228 5050 ex
1246 5009 1308 5070 qua
1323 4997 1432 5070 postea
1447 4988 1585 5050 fructum
1603 5008 1660 5051 nes
1676 4996 1823 5070 capturos
1839 5007 1910 5051 esse
1926 5008 2028 5071 spere,
2043 4989 2082 5050 ad
2097 4988 2250 5068 adjectiva
2263 4995 2474 5052 revertamur.

796 5221 820 5284 1)
840 5220 871 5269 ei.
893 5217 1072 5270 Schoemanni
1092 5216 1268 5284 antiquitates
1288 5216 1433 5269 (11555551
1453 5233 1511 5284 pag.
1527 5217 1580 5269 llo
1599 5220 1626 5268 ot
1644 5216 1854 5270 Demosthenem
1865 5214 1944 5279 XXI,
1958 5215 1983 5268 8.
