5084 5984
1032 465 1192 504 —-.—
1248 431 1302 503 ar
1480 464 1512 470 --

379 645 597 721 tyrannosque
620 640 781 722 expulerit
791 642 821 718 ¹).
859 638 930 701 Hoc
954 646 1095 722 tempore
1118 641 1212 702 etium
1237 658 1278 702 ex
1302 639 1372 701 aliis
1397 638 1527 702 urbibus
1546 640 1643 702 Asiae
1662 640 1802 702 minores
1824 639 1875 702 vel
1898 640 1967 721 ipsa
1990 639 2091 701 classe
2114 637 2166 702 vel

378 744 516 828 Philippi
540 747 726 809 auctoritate
754 750 786 809 et
810 765 865 829 spe
888 745 1044 808 adventus
1069 746 1193 827 adjutos
1220 746 1307 808 cives
1336 744 1500 827 expulisse
1529 751 1683 825 tyrannos
1707 745 1803 810 rerba
1825 747 1953 809 Arriani
1977 745 2011 824 Ι,
2031 744 2084 824 17,
2109 745 2162 806 11;

379 849 459 924 ,τὴν
481 850 587 911 εἰκόνα
611 849 667 924 τὴν
694 854 849 912 φιλίππου
874 850 929 925 τὴν
952 858 984 911 ἐν
1012 856 1051 924 τῷ
1075 855 1164 930 13331*
1193 872 1234 914 31(
1263 851 1416 934 probabili
1440 851 1570 934 Sauppii
1599 853 1781 933 conjectura
1810 852 1932 915 docent.
1978 851 2040 913 His
2067 849 2163 913 rebus

310 939 313 943 ⁵
378 957 1187 1040 313331113313331133311331113313333333133,
1210 944 1305 1020 hanc
1328 959 1616 1041 expeditionem
1642 959 1947 1043 conjungendam
1973 977 2058 1021 esse
2081 977 2164 1020 cum

379 1064 569 1142 tyranniS,
593 1065 657 1146 qui
682 1072 789 1128 erant
812 1065 983 1146 Philippi
1007 1064 1259 1147 temporibus,
1283 1066 1472 1147 expulsis,
1498 1065 1670 1127 verisimile
1688 1073 1794 1129 antem
1815 1085 1896 1142 esse,
1913 1064 2166 1147 Appollodorum

378 1187 462 1230 anno
478 1170 637 1232 tricesimo
657 1177 757 1250 sexto,
774 1170 921 1254 Philippo
941 1171 1120 1252 adjuvante,
1138 1171 1334 1234 Hermonem
1354 1179 1385 1233 et
1399 1169 1562 1234 Heraeum
1577 1172 1643 1252 jam
1660 1179 1753 1236 antea
1770 1194 1788 1236 a
1808 1172 1932 1235 civibus
1950 1172 2067 1252 ejectos
2087 1190 2165 1234 esse.

378 1272 411 1336 Si
435 1274 494 1336 hoc
518 1278 699 1357 statuimuS,
720 1297 772 1341 res
797 1295 927 1360 quoque
950 1279 1062 1340 ceteris
1087 1278 1188 1340 11111113
1211 1278 1344 1341 traditae
1366 1276 1446 1340 bene
1470 1277 1679 1359 explicantur.
1725 1277 1839 1362 Neque
1864 1279 1949 1341 enim
1973 1283 2038 1340 tam
2062 1277 2164 1340 multo

378 1381 491 1462 post2),
508 1381 641 1446 fortasse
660 1403 732 1445 cum
744 1382 913 1464 Philippus
933 1401 1117 1464 moreretur,
1136 1385 1336 1466 nuntiusque
1355 1384 1424 1463 ejus
1444 1384 1556 1446 mortis
1576 1384 1690 1447 allatus
1709 1390 1803 1462 esset,
1821 1384 2011 1464 Alexander,
2027 1385 2166 1465 juvente,

379 1490 599 1570 successisset,
623 1488 733 1551 Graeci
757 1488 901 1570 aliaeque
923 1495 1034 1571 gentes
1058 1496 1090 1553 ct
1112 1490 1241 1553 Attalus
1264 1490 1303 1552 ab
1327 1490 1381 1552 illo
1409 1489 1613 1571 defecissent,
1635 1491 1825 1572 Aganippes
1848 1510 1956 1553 rerum
1980 1490 2166 1554 Eresiurum

377 1595 497 1675 potitus
521 1602 576 1657 est.
615 1594 676 1658 Sed
700 1613 765 1655 non
785 1594 838 1657 diu
864 1595 1110 1659 dominationem
1134 1597 1324 1679 possidebat,
1346 1595 1420 1658 finis
1445 1615 1520 1657 mcx
1544 1596 1574 1658 ei
1596 1597 1768 1678 impositus
1788 1603 1835 1658 est
1858 1595 1897 1657 ab
1916 1597 2103 1660 Alcimacho
2125 1633 2163 1642 -

378 1701 424 1761 sic
456 1720 530 1763 cnm
560 1700 592 1762 O.
620 1699 775 1763 Muellero
809 1700 978 1782 legendum
1012 1708 1072 1780 est,
1105 1701 1238 1765 Geierus
1266 1702 1493 1783 Lysimachum
1527 1701 1616 1784 legit,
1639 1738 1681 1747 —
1706 1721 1804 1784 quem
1831 1701 2014 1765 Alexander
2036 1702 2163 1785 Epheso

378 1808 517 1885 miserat,
541 1808 597 1890 qui
615 1807 727 1870 lanias
750 1815 782 1870 et
799 1807 945 1871 Aeolicus
968 1807 1064 1871 nrbes
1084 1810 1180 1871 Asiae
1204 1809 1336 1872 minoris
1360 1829 1378 1871 a
1396 1808 1535 1870 barbaris
1560 1813 1590 1871 et
1609 1810 1753 1887 tyrannis
1772 1797 1928 1887 liberaret,
1949 1808 2165 1892 respublicas

378 1910 491 1973 liberas
514 1914 702 1992 restitueret,
725 1913 762 1975 31.
781 1913 904 1979 Α11133,
924 1914 951 1994 Ι,
976 1916 1026 1995 18,
1050 1917 1079 1977 2.
1117 1915 1313 1994 Addiderim,
1335 1914 1432 1978 rerba
1455 1933 1586 1997 quoque
1610 1914 1696 1977 tituli
1719 1914 1735 1976 I
1759 1935 1787 1974 v.
1813 1914 1831 1975 6
1856 1913 1951 1994 ,arada
1967 1914 2165 1992 Ἀλέξανδρον

378 2015 433 2075 καὶ
449 2015 664 2085 volcmarus
682 2019 816 2100 πόλεμον
833 2018 937 2093 ἕξειν,“
958 2042 1152 2104 quamquam
1165 2022 1204 2085 ad
1217 2022 1329 2085 foedus
1341 2020 1577 2084 Corinthiacum
1592 2040 1675 2082 anno
1691 2022 1850 2084 tricesimo
1867 2029 1956 2084 sexto
1975 2028 2163 2084 renovatum

378 2125 551 2206 pertinent,
578 2131 662 2189 33113
690 2134 758 2189 tum
788 2127 917 2190 demum
945 2130 1046 2211 magis
1076 2135 1229 2211 usurpata
1256 2149 1390 2193 esse-
1416 2128 1453 2191 cf.
1478 2129 1603 2190 Arrian.
1627 2126 1673 2208 II,
1699 2128 1731 2208 1,
1755 2129 1775 2188 4
1799 2133 1831 2191 31
1853 2128 1902 2208 ΙΙ,
1926 2130 1956 2209 2,
1980 2130 1998 2190 2
2025 2166 2064 2174 -
2091 2148 2164 2191 cum

377 2229 428 2291 rel
446 2231 579 2294 ineunte
598 2231 678 2295 bello
698 2232 825 2296 Persico
845 2235 895 2297 131
915 2234 975 2298 sub
994 2235 1063 2316 ejus
1082 2236 1220 2314 initium,
1240 2235 1384 2318 singulae
1404 2234 1527 2298 insulae
1546 2241 1695 2297 evocatae
1714 2240 1799 2314 sunt,
1820 2239 1855 2295 ut
1877 2253 1911 2297 se
1930 2235 1970 2297 ad
1989 2235 2166 2299 Alexandri

377 2343 408 2398 et
436 2335 628 2401 Graecorum
658 2347 762 2421 partes
790 2341 984 2425 applicarent
1038 2342 1112 2425 1333
1140 2349 1296 2421 tyrannus
1325 2342 1364 2404 ad
1391 2341 1613 2404 Alexandrum
1642 2340 1796 2422 confugit,
1829 2340 1914 2422 apud
1941 2361 2016 2404 eum
2045 2362 2102 2424 pro
2131 2362 2166 2405 se

377 2442 473 2506 rerba
496 2445 647 2525 facturus,
671 2447 728 2527 qui
751 2447 820 2510 sine
840 2447 945 2526 dubio,
969 2449 1000 2510 id
1021 2449 1107 2532 quod
1126 2468 1166 2512 ex
1185 2449 1291 2513 verbis
1310 2466 1440 2531 quaque
1459 2449 1542 2511 tituli
1562 2448 1620 2528 lV,
1640 2449 1658 2509 9
1678 2453 1709 2509 31
1727 2466 1839 2529 proxx.
1863 2450 2029 2530 33331313),
2053 2447 2164 2511 eodem

375 2550 470 2612 mado
494 2570 568 2614 eum
593 2553 631 2614 ad
655 2553 797 2635 Eresios,
827 2557 973 2637 quirem
998 2556 1221 2638 dijudicarent,
1244 2556 1367 2619 remisit
1389 2574 1425 2617 ac
1448 2561 1558 2637 postea
1580 2554 1772 2634 Erysilaum.
1819 2553 1891 2615 Hoc
1915 2563 2055 2637 tempore
2080 2575 2164 2618 anno

375 2657 536 2720 tricesimo
565 2667 677 2741 quarto
706 2667 848 2744 posteros
879 2664 1023 2746 priorum
1056 2669 1266 2743 tyrannorum
1300 2662 1461 2746 supplices
1494 2661 1532 2723 ad
1557 2661 1777 2723 Alexandrum
1802 2661 1942 2741 venisse,
1970 2662 2035 2742 jam
2070 2680 2166 2744 supra

376 2767 596 2847 exposuimus.
643 2766 765 2831 Deinde
788 2768 941 2832 Memnon
968 2789 1052 2832 anno
1081 2771 1240 2833 tricesimo
1269 2770 1359 2832 tertia
1382 2770 1487 2852 regiae
1511 2768 1605 2830 classi
1629 2767 1820 2849 praefectus,
1848 2765 1965 2830 Chium
1988 2787 2165 2850 omnesque

376 2869 472 2933 urbes
501 2870 609 2950 Lesbi,
640 2874 723 2936 inter
752 2895 832 2957 qnas
859 2875 979 2939 Eresus
1007 2894 1138 2960 quoque
1166 2881 1245 2955 erat,
1276 2882 1400 2958 praeter
1428 2874 1604 2956 Mytilenen
1636 2874 1669 2935 in
1698 2879 1885 2955 potestatem
1915 2894 2007 2936 snam
2034 2873 2165 2957 redegit,

376 2980 521 3056 tyrannis
548 2980 761 3061 adjutoribus,
793 2983 848 3064 qui
877 2984 1152 3065 appropinquante
1175 2980 1345 3044 Memnone
1373 2989 1429 3043 aut
1455 2982 1516 3063 ipsi
1546 3000 1653 3043 rerum
1682 2981 1772 3062 potiti
1802 2986 1892 3043 erant
1919 2986 1975 3043 aut
2005 2988 2115 3063 postea
2147 3002 2166 3043 3

375 3081 483 3145 Persis
511 3087 674 3148 constituti
703 3094 792 3164 sunt3
821 3088 858 3152 cf.
883 3090 1009 3150 Arrian.
1034 3087 1081 3169 ll,
1108 3089 1136 3167 1,
1158 3086 1251 3150 Diod.
1275 3087 1386 3167 XVII,
1409 3089 1461 3167 29,
1485 3087 1536 3166 31,
1560 3085 1644 3149 Curt.
1668 3085 1727 3166 IV,
1750 3088 1779 3166 8,
1806 3087 1854 3147 11.
1907 3086 1945 3148 ln
1970 3085 2071 3149 Curtii
2096 3087 2164 3149 loco

376 3188 536 3272 Sauppius
565 3211 681 3256 nomen
705 3195 812 3277 ipsum
836 3194 989 3274 Erysilai,
1017 3194 1055 3257 de
1079 3213 1143 3276 quo
1167 3194 1218 3256 hic
1241 3194 1354 3258 titulus
1378 3196 1409 3256 A
1428 3193 1460 3256 ΙΙ
1488 3195 1565 3276 agit,
1591 3194 1742 3256 restituit:
1778 3194 1878 3272 „inter
1901 3214 1982 3275 quas
2006 3193 2164 3275 Methym·

377 3315 530 3359 naeorum
554 3299 773 3363 Aristonicum
798 3306 829 3363 et
850 3300 1034 3380 Erysilaum
1059 3302 1126 3382 (pro
1150 3299 1368 3381 Chrysolao)“3
1398 3305 1429 3364 et
1451 3301 1495 3362 ita
1517 3298 1598 3363 bene
1621 3299 1807 3383 explicavit,
1831 3305 1866 3361 ut
1889 3298 2034 3362 Curtium
2059 3320 2164 3364 errore

376 3402 676 3484 Methymna-eorum
710 3415 883 3488 tyrannum
917 3408 1100 3470 nominasse
1123 3407 1255 3487 dixerit,
1282 3408 1339 3489 qui
1363 3405 1547 3469 Eresiorum
1572 3410 1627 3485 sit,
1656 3408 1693 3469 cf.
1713 3427 1783 3489 pag.
1807 3407 1845 3468 17
1870 3407 1955 3488 apud
1978 3406 2164 3490 Sauppium.

375 3509 439 3572 Hic
462 3512 561 3593 igitur
579 3511 761 3592 ErysilauS,
785 3533 867 3576 annu
892 3514 1113 3576 trecentesima
1138 3515 1229 3576 tortio
1252 3521 1410 3593 tyrannus
1433 3512 1550 3592 factus,
1574 3514 1639 3594 jam
1665 3515 1810 3596 proximo
1835 3532 1932 3592 anne,
1961 3532 2035 3574 cum
2059 3513 2164 3596 Hege-

375 3617 488 3679 lochus
517 3625 549 3681 et
576 3621 808 3702 AmphoteruS,
840 3622 896 3703 qui
924 3618 1145 3683 Macedonicae
1173 3620 1265 3683 classi
1293 3627 1472 3703 praeerant,
1504 3618 1675 3682 Memnone
1708 3627 1834 3682 mortuo
1865 3617 1978 3680 Persas
2003 3637 2050 3712 ,ex
2083 3620 2163 3681 mari

374 3724 502 3807 Aegaeo
526 3732 712 3807 exegerunt,
738 3746 801 3789 (133
824 3746 898 3789 curn
923 3726 993 3788 aliis
1016 3729 1162 3806 tyrannis
1185 3727 1341 3810 expulsus
1365 3728 1454 3805 3314).
1500 3728 1658 3788 Arrianus
1681 3725 1741 3806 ΙΙΙ,
1765 3727 1794 3804 2,
1823 3727 1842 3786 4
1872 3731 1987 3806 narrat,
2011 3732 2163 3804 tyrannos

375 3830 414 3893 ab
437 3830 621 3914 Hegelocho
645 3832 684 3894 ad
707 3833 928 3896 Alexandrum
953 3834 1080 3913 missae,
1104 3831 1143 3894 ab
1167 3833 1226 3895 hoc
1249 3833 1288 3896 ad
1313 3832 1408 3897 urbes
1432 3832 1576 3915 singulas
1599 3833 1751 3895 remissos
1776 3851 1859 3910 esse,
1882 3838 1920 3893 ut
1942 3833 2029 3894 cives
2052 3833 2085 3893 in
2110 3851 2164 3895 333

375 3939 590 4018 consulerent,
613 3938 773 4021 quomoda
797 3939 928 4017 vellent,
952 3940 1036 4001 inter
1059 3957 1140 4020 quos
1165 3938 1328 4020 Erysilaus
1353 3958 1482 4022 quoque
1500 3946 1575 4002 erat.
1615 3939 1666 4001 lta
1684 3939 1790 4000 omnia
1809 3937 1898 4016 fucta,
1921 3945 1953 4000 et
1972 3957 2054 4019 quae
2077 3947 2164 4002 ante-

376 4046 494 4107 cedunt
522 4051 553 4108 et
581 4064 663 4128 quae
691 4051 888 4127 sequnntur,
914 4047 948 4107 in
977 4047 1035 4108 hae
1062 4047 1269 4128 inscriptione
1296 4045 1377 4110 bene
1405 4046 1623 4128 explicantur,
1655 4063 1760 4127 neque
1789 4050 1851 4121 est,
1880 4052 1916 4106 ut
1943 4043 1975 4105 id
2002 4051 2163 4126 postremo

376 4151 513 4216 breviter
535 4152 689 4231 refellam,
718 4172 777 4214 cur
799 4172 873 4215 cum
892 4152 1008 4215 Weilio
1031 4154 1065 4215 in
1089 4130 1295 4215 annotatione
1319 4152 1357 4214 ad
1377 4153 1396 4231 ,ξ
1418 4152 1434 4212 7
1460 4159 1650 4233 statuamus,
1673 4160 1826 4231 tyrannos
1850 4151 1889 4212 ab
1908 4149 2163 4215 Alexandrobis

375 4259 530 4342 expulsos
548 4261 657 4336 33331).
694 4261 738 4322 At
757 4259 885 4341 quanda
904 4260 1043 4341 primum
1064 4278 1119 4321 eos
1138 4258 1176 4320 ab
1196 4258 1379 4322 Alexandra
1403 4259 1556 4341 expulsos
1581 4277 1652 4321 3333
1676 4263 1748 4320 unte
1772 4256 1890 4319 bellum
1915 4264 2026 4320 contra
2049 4258 2163 4322 Persas

484 4436 509 4502 l)
529 4434 689 4488 Cs.I)i0d01·i
709 4435 791 4487 verba
804 4434 880 4499 XVI,
901 4437 929 4486 l:
949 4434 1012 4493 ,,καὶ
1032 4432 1158 4493 δυνάμεις
1175 4436 1223 4494 μὲν
1242 4432 1279 4491 εἰς
1297 4433 1346 4500 τὴν
1363 4429 1454 4483 Ἀσίαν
1477 4433 1639 4498 διαβιβάσας
1657 4431 1706 4491 τοὶς
1722 4431 1875 4498 Ἑλληνίδας
1894 4431 1985 4490 πόλεις
2005 4430 2163 4504 ἠλευθέρου.

482 4523 508 4584 2)
529 4523 567 4577 Cf.
587 4523 723 4576 Plassinm
743 4523 778 4590 ΙΙ,
797 4540 856 4591 pag.
876 4523 919 4589 40,
938 4524 986 4592 qui
1004 4522 1123 4590 exponit,
1148 4539 1229 4590 quam
1249 4522 1372 4576 celeriter
1390 4522 1549 4590 tyrannides
1567 4522 1650 4590 hujus
1669 4521 1798 4589 temporis
1817 4523 1937 4573 mutatae
1957 4521 2012 4574 sint
2030 4527 2056 4575 31
2076 4522 2162 4591 Saup-

376 4612 450 4678 pium
470 4611 487 4664 l.
507 4629 529 4663 c.
550 4628 608 4679 pag.
628 4611 653 4664 8.

460 4751 463 4759 ,
482 4701 509 4768 3)
526 4697 633 4766 Ἐπειδὴ
656 4701 701 4750 καὶ
724 4704 760 4750 τῶ
779 4701 852 4760 δάμω
876 4698 890 4751 ὁ
913 4701 1037 4765 (laodicae
1056 4697 1223 4770 Ἀλέξανδρος
1246 4699 1399 4769 διαγράφων
1422 4697 1600 4757 &mauriliane
1627 4699 1772 4767 προσέταξε
1791 4696 1916 4769 Ἐρεσίοις
1934 4702 2023 4769 κρῖναι
2047 4697 2113 4770 ὑπέρ
2132 4719 2162 4751 τε

378 4787 534 4851 ,Ἀγωνίππω
554 4789 598 4839 καὶ
619 4787 777 4859 Εἰρυσιλάω.
2210 4774 2213 4781 ,

482 4880 510 4947 4)
530 4878 568 4932 Gi.
588 4878 724 4945 Droysen,
748 4878 812 4933 bist.
833 4877 909 4931 Alex.
933 4895 991 4945 pag.
1011 4878 1077 4943 314,
1101 4879 1132 4929 A.
1152 4875 1285 4930 Schaelcr.
1305 4876 1323 4931 1.
1343 4895 1365 4930 c.
1384 4876 1434 4942 111,
1456 4879 1479 4943 l,
1503 4892 1562 4943 pag.
1584 4875 1634 4929 168
1657 4877 1685 4928 31
1707 4891 1816 4944 proxx.,
1841 4875 1952 4929 Curtius
1970 4875 2017 4942 IV,
2037 4877 2062 4943 5,
2084 4877 2117 4928 14
2136 4880 2163 4930 31

375 4968 423 5035 IV,
442 4968 468 5034 11,
489 4971 529 5035 11,
550 4968 655 5019 Arrian.
674 4966 724 5027 ΙΙΙ,
744 4967 769 5032 2,
788 4967 804 5018 3
823 4971 851 5019 31
869 4983 963 5035 proxx.

483 5057 510 5123 5)
529 5041 718 5109 Mi'idemmont
740 5072 808 5108 ceux
828 5055 966 5108 d'Antisse
985 5059 1013 5107 et
1027 5039 1151 5109 (11113333
1166 5057 1275 5108 arment
1293 5051 1334 5106 ete
1349 5052 1397 5107 dds
1411 5053 1467 5107 1313
1485 5053 1614 5121 expulsos
1629 5069 1677 5121 par
1691 5053 1718 5106 la
1731 5052 1819 5105 rueme
1833 5052 1931 5106 raison.
1959 5053 1992 5106 Je
2007 5070 2163 5122 soupqonna

377 5161 429 5213 que
448 5144 574 5198 Memnon
594 5144 702 5198 rdtuhlit
720 5161 765 5198 ces
785 5148 887 5213 1313113,
907 5146 997 5212 quand
1017 5144 1037 5197 il
1056 5144 1188 5212 s'empara
1206 5143 1238 5196 de
1258 5146 1327 5196 cette
1345 5140 1384 5194 ile
1402 5159 1455 5210 peu
1474 5143 1507 5195 de
1526 5146 1715 5210 tempserunt
1734 5158 1764 5195 sa
1781 5145 1860 5204 mort,
1879 5158 1911 5193 un
1932 5143 1982 5195 333
2002 5143 2045 5210 (ci.
2058 5143 2162 5209 Arrieu,

375 5236 411 5302 ΙΙ,
423 5236 459 5302 2),
478 5241 505 5288 31
525 5233 724 5302 qu'Alexandre
742 5233 801 5287 leur
820 5233 929 5300 indigua
947 5250 1000 5286 une
1019 5233 1144 5301 punition
1162 5231 1225 5301 plus
1243 5232 1411 5299 rigoureuse,
1431 5232 1523 5300 quand
1543 5231 1563 5284 il
1582 5230 1621 5284 les
1640 5231 1694 5298 prit
1712 5230 1738 5283 la
1757 5230 1871 5283 seconde
1890 5230 1949 5283 lois.

1237 5331 1238 5335 ,
1905 5319 1947 5370 4,
