5084 5984
1031 449 1192 459 ..-.-....
1247 414 1296 488 33
1351 450 1511 458 .........-.

381 632 448 688 erat
471 625 643 689 Alexandri
663 645 760 706 soror,
782 631 823 706 et,
833 623 1065 708 Olympiadem,
1089 644 1172 708 quae
1191 631 1291 689 mater
1309 626 1380 707 ejus
1398 633 1465 688 erat
1488 632 1519 688 et
1534 625 1714 708 cupiditate
1733 627 1887 709 regnandi
1906 627 2036 689 incensa
2054 645 2170 709 genero

382 733 552 796 succedere
575 730 709 812 volebat,
732 714 819 795 ortae
842 735 961 816 suntq.
1007 731 1069 794 His
1093 731 1190 795 rebus
1215 731 1409 795 Graecorum
1437 732 1552 793 annuis
1581 733 1649 813 jam
1679 739 1771 795 antea
1799 733 1838 796 ad
1865 732 2071 797 rebellionem
2093 734 2171 797 inci·

382 841 456 902 tatis
479 839 627 902 stimulos
650 857 782 922 magnos
807 838 953 902 admotos
976 857 1046 902 esse
1069 846 1206 922 apparet.
1243 837 1345 921 Magis
1369 839 1463 901 etiam
1488 837 1519 900 id
1539 836 1657 900 lactum
1678 845 1726 901 est
1744 844 1776 901 ot
1793 839 1963 903 rebellione
1982 839 2172 917 Memnonis,

380 945 529 1009 Thraciae
552 946 715 1029 praefecti,
743 944 951 1026 Seuthisque,
974 943 1173 1026 Odrysorum
1196 945 1364 1030 principis,
1386 951 1418 1007 et
1441 943 1528 1007 clade
1552 943 1757 1027 Zopyrionis,
1785 945 1995 1009 Macedonum
2025 947 2131 1026 ducis,
2154 967 2172 1009 a

382 1053 470 1116 Getis
499 1060 639 1135 accepta,
672 1052 710 1115 de
743 1051 861 1134 quibus
890 1050 987 1114 rebus
1014 1050 1171 1132 Droysen.
1195 1072 1264 1135 pag.
1290 1052 1465 1114 392-395
1494 1055 1639 1113 accurate
1664 1050 1828 1131 disseruit3
1864 1054 1902 1115 cf.
1932 1054 2087 1118 Schaefer.
2111 1053 2172 1134 HI,

380 1180 450 1243 pag.
476 1160 547 1221 183.
594 1158 631 1221 ld
655 1165 740 1222 certe
762 1163 888 1220 constat
911 1163 1048 1221 exeunte
1071 1177 1154 1220 anno
1183 1159 1342 1220 tricesimo
1365 1157 1469 1239 primo
1497 1176 1609 1220 omnes
1638 1159 1904 1241 septentrionales
1931 1167 2058 1243 gentse,
2088 1179 2171 1243 quae

382 1266 531 1330 Graeciae
554 1265 709 1328 finitimae
732 1270 830 1343 erant,
854 1263 914 1326 sub
934 1265 1029 1327 armis
1053 1270 1163 1327 contra
1181 1263 1369 1327 Macedones
1393 1262 1493 1325 fuisse
1512 1269 1544 1325 et
1562 1263 1767 1346 Antipatrum
1788 1285 1932 1329 summas
1952 1267 1985 1328 in
2006 1267 2171 1349 angustias

380 1372 554 1435 adductum
579 1391 657 1436 esse.
694 1371 845 1455 legimus
870 1370 954 1453 apud
964 1362 1148 1433 Arrianum¹
1162 1369 1222 1450 III,
1242 1370 1272 1450 6,
1291 1373 1320 1451 3,
1338 1369 1558 1434 Alexandrum
1578 1371 1643 1451 jam
1664 1390 1739 1433 vere
1762 1373 1894 1434 ineunte
1917 1375 1992 1435 anni
2017 1374 2168 1437 tricesimi

380 1480 475 1563 primi
492 1478 567 1560 Tyri
591 1479 631 1543 de
649 1478 921 1560 Peloponnesiaco
943 1477 1098 1540 seditione
1122 1479 1288 1540 certiorem
1306 1477 1427 1541 factum
1447 1494 1516 1541 esse
1536 1481 1568 1538 et
1586 1476 1781 1559 Amphotero
1800 1498 1902 1541 novas
1921 1485 2052 1542 centum
2072 1499 2170 1542 naves

380 1587 492 1670 longas
515 1587 553 1649 ad
578 1586 836 1666 Peloponnesum
861 1583 1091 1646 defendendam
1110 1585 1246 1648 misisse.
1284 1582 1355 1658 Qua
1377 1602 1411 1647 re
1430 1582 1574 1663 efficitur,
1597 1601 1653 1665 per
1675 1603 1798 1647 annum
1817 1586 2015 1648 tricesimum
2034 1587 2170 1650 alterum

380 1694 517 1777 Agidem
542 1692 630 1755 etin
654 1689 873 1772 Peloponneso
898 1694 928 1752 et
951 1691 985 1751 in
1008 1689 1132 1772 reliqua
1156 1689 1287 1753 Graecia
1310 1689 1415 1751 socios
1439 1688 1500 1751 sibi
1524 1708 1734 1771 comparasse.
1779 1690 1973 1753 Testimonio
1997 1712 2067 1756 esse
2090 1694 2170 1756 mihi

380 1801 532 1863 videntur
555 1799 683 1860 Arriani
712 1815 842 1879 quoqne
869 1793 966 1858 verba
994 1795 1103 1859 eodem
1131 1797 1200 1859 loco
1224 1796 1284 1876 ΙΙΙ,
1308 1795 1380 1873 6,2
1410 1795 1449 1858 de
1476 1795 1725 1858 Atheniensium
1752 1796 1864 1880 legatis
1897 1799 2007 1880 posita.
2058 1797 2171 1861 Narrat

382 1908 478 1985 enim,
501 1903 719 1967 Alexandrum
743 1920 798 1964 eos
827 1902 951 1984 magnis
979 1902 1154 1966 honoribus
1173 1903 1340 1983 affecisse,
1372 1904 1484 1986 eisque
1508 1904 1594 1966 cives
1617 1904 1651 1964 in
1684 1923 1793 1986 pugna
1821 1904 1859 1967 ad
1884 1904 2056 1967 Granicum
2085 1925 2170 1967 com·

381 2015 480 2075 missa
503 2017 610 2093 captos
637 2007 827 2088 reddidisse,
854 2015 938 2071 certe
961 2010 1074 2073 timore
1098 2016 1307 2091 commotum,
1340 2029 1381 2073 ne
1413 2030 1487 2073 cum
1510 2010 1614 2093 Agide
1647 2016 1755 2073 contra
1787 2030 1821 2073 se
1855 2010 2051 2074 rebellarent.
2099 2010 2170 2074 Hoc

381 2127 487 2182 autem
512 2136 596 2178 anno
620 2133 672 2179 res
695 2114 735 2176 ad
759 2134 846 2177 arma
868 2115 1012 2178 nondum
1036 2117 1132 2179 venit.
1171 2116 1322 2179 Proximo
1347 2117 1486 2198 demum,
1509 2124 1681 2200 postquam
1704 2115 1914 2179 Macedonum
1940 2119 2114 2181 auctoritas
2137 2126 2169 2182 et

380 2230 517 2307 potestas
541 2223 575 2284 in
598 2220 696 2304 Epiro
720 2225 752 2283 et
768 2219 900 2284 Thracia
922 2222 1014 2285 valde
1036 2222 1188 2286 infractae
1212 2230 1298 2304 sunt,
1321 2224 1400 2306 Agis
1424 2241 1479 2306 spe
1504 2225 1656 2285 incensus
1680 2228 1712 2286 et
1729 2225 1884 2305 pecuniae
1903 2225 2010 2307 inopia
2028 2243 2169 2307 pressae,

380 2335 470 2394 erant
488 2330 574 2392 enim
593 2347 730 2412 magnus
749 2347 904 2392 numerus
923 2329 1062 2392 militnm
1082 2331 1151 2410 ejus
1169 2332 1366 2411 mercenarii,
1388 2330 1532 2394 mercede
1551 2330 1699 2393 conducti
1719 2367 1761 2375 -
1781 2350 1865 2392 anno
1884 2331 2044 2394 tricesimo
2064 2333 2167 2414 primo

380 2442 436 2500 aut
458 2438 590 2499 ineunte
614 2436 774 2499 tricesimo
794 2453 881 2497 arma
904 2436 1001 2518 cepit;
1026 2433 1164 2520 Corragi,
1186 2435 1397 2500 Macedonum
1422 2437 1523 2518 ducis,
1547 2456 1662 2499 manus
1685 2435 1874 2520 profligavit,
1898 2456 2010 2500 omnes
2030 2437 2169 2501 Graecos

379 2544 418 2606 ad
441 2542 560 2606 bellum
583 2561 641 2625 pro
665 2541 808 2604 libertate
832 2541 1071 2624 suscipiendum
1099 2545 1298 2627 provocavit3
1327 2543 1364 2607 of.
1388 2542 1479 2606 Diod.
1503 2543 1612 2625 XVII,
1636 2543 1686 2605 62.
1732 2541 1846 2625 Neque
1875 2543 1993 2606 frustra
2020 2543 2052 2606 id
2081 2544 2167 2622 fecit,

380 2657 412 2713 et
434 2649 504 2712 Elei
528 2655 560 2713 et
584 2667 695 2711 omnes
719 2647 861 2711 Arcades
885 2654 1010 2731 praeter
1032 2647 1315 2734 Megalopolitanos
1339 2656 1371 2714 et
1393 2651 1514 2713 Achaei
1536 2655 1662 2733 praeter
1679 2648 1893 2729 Pellenenses,
1919 2651 1987 2713 sine
2011 2649 2107 2711 dnbio
2130 2648 2169 2712 ab

382 2755 545 2819 Chaerone
568 2773 747 2837 oppressae,
768 2759 874 2836 partes
897 2755 966 2835 ejus
990 2755 1092 2818 secuti
1116 2761 1206 2834 sunt,
1238 2757 1274 2818 cf.
1300 2757 1447 2820 Aeschin.
1472 2757 1532 2838 ΠΙ,
1558 2757 1629 2818 165.
1677 2755 1895 2839 Megalopolis,
1918 2775 2000 2838 quae
2024 2777 2042 2818 a
2065 2755 2169 2819 Mace-

379 2861 516 2925 donibus
540 2861 674 2924 deficere
697 2860 831 2942 nolebat,
854 2859 983 2924 obsessa
1005 2867 1061 2924 est
1098 2860 1170 2925 Non
1195 2864 1314 2926 mirum
1334 2869 1391 2943 est,
1414 2864 1442 2925 si
1460 2882 1518 2946 per
1541 2864 1618 2926 alias
1638 2862 1788 2925 Graeciae
1806 2881 1857 2924 res
1877 2860 2019 2945 publicas
2038 2862 2168 2926 rebellio

378 2970 518 3052 primum
548 2968 743 3031 clandestine
771 2966 960 3046 manabat2).
1010 2967 1172 3051 imprimis
1201 2975 1285 3032 certe
1313 2969 1527 3033 Athenienses
1555 2968 1616 3032 sibi
1646 2968 1763 3031 auxilio
1792 2975 1946 3031 venturos
1979 2988 2064 3050 esse,
2087 2971 2168 3053 Agis

379 3081 568 3158 speraverat.
605 3076 714 3156 Atque
736 3091 771 3136 re
793 3092 869 3136 vera
892 3073 949 3136 diu
967 3074 1104 3137 Athenis
1129 3076 1281 3139 acerrime
1305 3075 1502 3158 disputatum
1526 3082 1585 3156 est,
1607 3081 1717 3138 utrum
1742 3077 1842 3158 quieti
1865 3081 2041 3155 manerent,
2063 3095 2105 3138 an
2129 3095 2168 3138 ex

377 3190 505 3265 patrum
528 3200 616 3245 more
640 3201 696 3263 pro
715 3180 814 3243 totius
834 3179 984 3258 Graeciae
1007 3180 1149 3244 libertate
1172 3164 1292 3245 bellum
1313 3183 1463 3246 subirent.
1499 3181 1693 3245 Testimonia
1711 3182 1809 3263 hujus
1828 3182 2063 3245 deliberationis
2083 3182 2169 3264 apud

376 3288 534 3370 Droysen.
558 3309 627 3372 pag.
653 3286 716 3350 396
741 3294 773 3351 et
797 3287 859 3348 397
883 3286 971 3370 legis.
1017 3286 1183 3351 Postremo
1207 3287 1283 3351 boni
1306 3290 1407 3370 ciues,
1429 3287 1476 3369 id,
1500 3288 1587 3371 quod
1611 3308 1650 3351 ex
1673 3287 1838 3350 Plutarchi
1868 3282 1913 3351 de
1935 3307 1969 3351 re
1993 3287 2079 3371 publ.
2102 3308 2167 3371 ger.

376 3415 478 3480 praec.
504 3415 570 3478 cap.
596 3396 637 3456 25
661 3398 805 3477 apparet,
827 3394 988 3474 vicerunt,
1010 3393 1214 3477 populusque
1234 3394 1387 3472 decrevit,
1408 3395 1529 3458 bellum
1554 3396 1731 3477 suscipere,
1759 3394 1931 3478 Spartiates
1954 3396 2055 3458 classe
2079 3396 2168 3477 adju-

376 3521 473 3567 vare.
499 3501 560 3566 Sed
583 3503 635 3564 vel
658 3499 819 3580 Demadis,
842 3500 980 3562 hominis
1004 3499 1216 3564 Macedonum
1238 3503 1375 3584 pecunia
1398 3502 1549 3584 corrupti,
1566 3500 1627 3581 vel,
1651 3506 1687 3563 ut
1705 3499 1859 3580 Droysen.
1879 3521 1948 3583 pag.
1961 3502 2023 3564 397
2045 3522 2117 3564 ann.
2139 3504 2168 3584 2,

376 3610 568 3693 suspicatur,
592 3614 679 3670 metu
703 3606 813 3670 classis
837 3605 1047 3670 Macedonum
1070 3610 1230 3689 commoti,
1252 3608 1466 3671 Athenienses
1488 3607 1586 3690 Agidi
1609 3609 1767 3670 auxilium
1793 3608 1955 3670 decretum
1984 3628 2047 3670 non
2074 3611 2168 3671 mise

376 3725 462 3781 runt.
509 3716 636 3779 Interea
660 3734 733 3777 cum
758 3713 838 3797 Agis
862 3712 1084 3796 Megalopolim
1108 3721 1321 3798 oppugnaret,
1348 3715 1516 3798 Antipater
1543 3733 1583 3777 ex
1606 3713 1739 3777 Thracia
1766 3716 2001 3798 approperavit,
2030 3716 2167 3797 Agidem

377 3825 503 3904 devicit,
526 3824 699 3906 ipsumque
721 3820 879 3884 interiecit
902 3825 1020 3883 aestate
1043 3821 1119 3882 anni
1143 3822 1296 3884 tricesimi
1305 3822 1339 3906 ³).

483 3930 536 3993 Ad
561 3930 638 3992 haec
662 3935 804 4011 tempora
826 3927 904 3990 haec
927 3927 1025 3989 oratio
1050 3927 1228 3990 revocanda
1250 3933 1306 3991 est.
1349 3926 1383 3992 Si
1407 3946 1504 4010 supra
1526 3932 1611 3990 recte
1634 3928 1812 4010 posuimus,
1834 3927 2058 3990 Alcimachnm
2084 3947 2167 3990 anno

380 4039 540 4101 tricesimo
560 4035 660 4099 altero
679 4035 823 4098 Athenas
842 4034 980 4114 venisse,
998 4053 1096 4115 quam
1114 4053 1182 4096 rem
1201 4041 1306 4097 orator
1324 4035 1343 4116 ᾗ
1363 4032 1404 4095 26
1424 4052 1527 4117 nuper
1550 4032 1675 4116 (πρῴην)
1699 4032 1814 4096 factam
1837 4053 1907 4097 esse
1931 4042 2167 4114 commemorat,

377 4145 534 4227 sequitur,
557 4144 772 4206 orationem
795 4139 963 4203 habitam
986 4159 1070 4203 esse
1093 4160 1190 4203 anno
1215 4141 1274 4203 vel
1297 4141 1493 4204 tricesimo
1517 4141 1637 4203 altero
1661 4140 1721 4202 vel
1744 4141 1879 4222 primo,
1903 4142 1954 4203 rel
1974 4143 2002 4204 si
2020 4142 2167 4204 memini-

375 4272 461 4332 mus,
476 4250 561 4334 quod
575 4268 672 4333 supra
686 4249 725 4312 de
735 4245 965 4331 significatione
979 4229 1075 4328 paulo
1084 4246 1197 4310 latiore
1210 4246 1352 4310 adverbii
1363 4245 1501 4325 „npq'qn‘
1515 4247 1759 4331 disputavimus,
1774 4248 1984 4328 tricesimo,
1998 4267 2072 4309 eum
2082 4255 2167 4310 certe

376 4361 410 4422 in
421 4358 651 4441 Peloponneso,
662 4361 698 4419 ut
707 4354 845 4433 videtur,
853 4353 887 4415 in
901 4352 1034 4416 Thracia
1043 4360 1074 4417 et
1084 4354 1118 4415 in
1128 4352 1224 4435 Epiro
1239 4361 1271 4415 et
1285 4353 1317 4414 in
1333 4352 1436 4416 media
1451 4352 1583 4416 Graecia
1598 4354 1757 4416 tumultus
1769 4354 1945 4436 turbaeque
1956 4361 2067 4416 exorta
2082 4341 2165 4416 sunt.

485 4462 589 4539 Quid?
614 4463 653 4525 de
677 4459 826 4523 omnibus
851 4460 900 4522 his
922 4459 1027 4540 factis,
1057 4477 1139 4543 quae
1163 4459 1201 4523 ad
1225 4478 1308 4540 rem,
1331 4479 1428 4541 quam
1452 4467 1577 4541 hacmt,
1606 4448 1840 4541 dijudicandam
1870 4461 1988 4523 summi
2012 4461 2166 4522 momenti

378 4578 464 4652 sunt,
488 4576 593 4634 orator
616 4568 697 4631 nihil
721 4567 831 4630 affert?
878 4565 997 4630 Mirum
1022 4584 1098 4629 sane
1121 4571 1177 4630 est.
1224 4564 1326 4648 Magis
1350 4573 1456 4629 autem
1485 4567 1630 4629 homines
1655 4566 1752 4646 docti,
1782 4567 1837 4647 qui
1867 4565 1905 4629 de
1933 4575 2075 4648 tempore
2099 4585 2167 4628 ora·

377 4679 475 4741 tionis
501 4680 648 4760 egerunt,
669 4675 704 4736 in
727 4693 764 4737 eo
788 4673 997 4754 ostenderunt,
1021 4672 1107 4756 quod
1131 4691 1171 4735 ne
1193 4671 1316 4735 Thebas
1341 4672 1470 4755 quidem
1490 4674 1612 4736 dirutas
1636 4680 1871 4736 commemorat.
1908 4673 1989 4736 Jure
2006 4670 2165 4752 Droysen.

377 4804 454 4847 cum
473 4783 492 4844 l.
513 4802 537 4847 c.
556 4802 626 4865 pag.
647 4782 711 4843 388
731 4778 930 4856 describeret,
954 4780 1065 4862 quales
1083 4779 1203 4842 fuerint
1226 4779 1275 4841 his
1295 4779 1492 4862 temporibus
1513 4778 1705 4842 Graecorum
1726 4781 1833 4860 animi,
1855 4781 1971 4862 posuit,
1990 4799 2031 4843 ex
2050 4781 2166 4842 misero

376 4889 556 4953 Thebarum
584 4888 708 4951 excidio
736 4893 889 4970 perpetua
914 4888 953 4948 in
978 4886 1168 4949 Macedones
1202 4886 1335 4948 crimina
1368 4886 1573 4950 redundasse.
1619 4885 1669 4948 Ex
1702 4885 1852 4949 omnibus
1884 4885 1982 4966 hujus
2014 4886 2166 4968 temporis

487 5049 513 5113 1)
533 5046 571 5101 Cf.
591 5045 723 5100 Schaeter.
743 5044 793 5110 ΙΠ,
814 5047 837 5098 1.
857 5061 915 5113 pag.
938 5043 1085 5111 180-183,
1105 5044 1236 5112 Droysen.
1256 5059 1315 5111 pag.
1335 5043 1485 5098 sse-391.

486 5136 512 5204 ⁴2)
532 5136 569 5189 Cf.
589 5134 718 5188 Dinarch.
737 5134 759 5201 1,
778 5135 821 5201 34,
841 5137 868 5186 et
886 5135 918 5186 de
939 5131 1041 5186 Aetolis
1059 5132 1131 5187 Plut.
1152 5131 1228 5185 Alex.
1248 5132 1283 5186 49
1302 5136 1329 5184 ot
1348 5133 1381 5185 de
1399 5131 1536 5187 Thessalis
1555 5136 1583 5185 et
1599 5131 1762 5186 Perrhaebis
1781 5131 1908 5185 Aeschin.
1927 5130 1977 5197 III,
1999 5131 2057 5184 167.

485 5224 513 5294 3)
532 5224 570 5276 ef.
590 5224 623 5276 de
641 5226 761 5290 temporo
771 5223 901 5291 Droyscn.
914 5239 971 5291 pag.
983 5221 1043 5288 368,
1063 5223 1088 5289 4,
1107 5222 1154 5291 qui
1174 5222 1339 5275 cumGrotio
1352 5221 1456 5288 64417
1473 5222 1617 5291 consentit,
1637 5222 1764 5276 dissentit
1777 5219 1857 5274 Clint.
1869 5219 1940 5274 Fast.
1951 5218 2022 5272 Hell.
2033 5235 2092 5287 pag.
2103 5218 2164 5271 234.

1930 5309 1947 5362 5
