5084 5984
1032 414 1192 420 ᾑ-
1227 381 1297 454 ,37
1468 414 1513 422 ,-

378 587 473 670 qued·
487 588 607 650 amicos
623 585 832 650 Macedonum
857 587 965 652 subire
989 596 1100 652 auctor
1116 590 1197 670 vult,
1221 591 1502 653 demonstrandum
1522 596 1579 669 cst,
1602 598 1675 653 utm
1692 589 1788 653 factio
1808 591 1895 670 juste
1919 596 2000 673 agat,
2023 591 2078 653 sed
2104 591 2165 653 dis-

373 695 509 776 junctio,
532 713 614 776 quae
638 696 793 777 sequitur,
816 695 876 758 alia
899 705 955 759 est.
1001 695 1103 779 Magis
1127 697 1222 758 etiam
1246 698 1278 758 id
1302 697 1386 759 cadit
1407 698 1441 758 in
1464 697 1560 760 verba
1583 699 1602 778 g
1623 698 1678 759 16:
1704 696 1778 782 ,οιαὶ
1802 695 1937 770 τοσούτῳ
1961 701 2016 756 νῦν
2037 700 2166 776 μᾶλλον,

377 799 399 875 ἢ
426 799 581 880 πρότερον,
605 799 668 876 ὅσῳ
690 808 724 863 ἐκ
752 800 985 882 σροςτάγματος
1013 801 1122 869 ἄλλους
1150 825 1179 862 τε
1207 806 1334 882 ἑτέρωθι
1357 801 1412 861 καὶ
1437 802 1489 862 τὸν
1512 803 1714 885 παιδοτρίβην
1736 806 1777 869 εἰς
1800 807 1943 862 Σικυῶνα
1971 801 2165 882 κατήγαγεν(

378 927 461 992 quae
485 928 560 971 cum
583 910 639 989 eis,
663 928 745 991 quae
768 909 970 987 antecedunt,
992 911 1036 972 ita
1058 916 1213 992 pugnant,
1236 916 1273 972 ut
1296 916 1401 972 orator
1419 909 1478 973 sihi
1497 909 1565 1007 ipse
1585 911 1785 972 contradicat.
1830 909 1879 973 Dc
1897 910 2003 972 verbis
2022 909 2167 973 obscuris

279 1074 285 1079 ..
377 1023 410 1079 et
432 1014 616 1079 difficilibus
642 1015 681 1078 ad
705 1015 931 1098 explicandum
955 1015 973 1095 ξ
995 1017 1035 1077 14
1059 1023 1090 1078 et
1115 1017 1155 1078 30
1180 1036 1276 1099 supra
1299 1018 1479 1079 accuratius
1502 1016 1700 1098 disputatum
1728 1022 1784 1079 est.
1830 1016 1936 1079 Etiam
1955 1016 2050 1080 verba
2069 1018 2087 1097 ᾗ
2108 1019 2164 1079 25:

377 1121 493 1193 „datm
522 1144 551 1182 τε
579 1120 634 1182 καὶ
663 1125 866 1201 πεπαυμένων
890 1120 949 1181 ὑπὸ
972 1127 1025 1196 τῆς
1048 1119 1141 1201 τύχης
1164 1125 1220 1181 τῶν
1246 1121 1519 1203 δορυφορουμένων
1548 1122 1606 1182 ὑπὸ
1635 1126 1692 1182 τῶν
1719 1127 1907 1203 τυραννικῶν
1934 1122 2165 1203 στρατοπέδων(

376 1239 409 1295 et
441 1249 524 1313 quae
557 1236 751 1312 sequuntur,
783 1249 847 1292 nou
880 1237 1025 1292 accurate
1058 1237 1090 1292 et
1120 1231 1288 1312 perspicue
1315 1249 1467 1312 expressa
1495 1236 1579 1294 suut.
1629 1225 1778 1313 Spectare
1806 1236 1929 1292 tantum
1959 1237 2094 1312 possunt
2126 1230 2166 1293 ad

376 1337 591 1401 Macedonum
618 1336 769 1399 satellites
797 1337 831 1397 in
860 1337 930 1399 aliis
955 1335 1090 1399 urbibus
1117 1355 1181 1398 nou
1205 1338 1341 1400 Athenis
1369 1356 1545 1420 oppressos.
1591 1336 1767 1400 Referenda
1793 1337 1892 1419 igitur
1915 1342 1991 1398 sunt
2013 1336 2052 1397 ad
2071 1335 2166 1399 verba

368 1446 454 1525 ,item
482 1444 606 1506 infinite
633 1444 751 1526 posita,
779 1460 861 1524 quae
889 1442 1093 1505 antecedunt:
1123 1440 1211 1512 ,,ἕστι
1239 1441 1393 1524 προβολὰς
1420 1446 1523 1523 ἑτέρας
1550 1447 1749 1523 ἰσχυροτέρας
1767 1442 1957 1520 ἐὑρίσθαι.“
2010 1441 2101 1517 Quod
2132 1451 2167 1507 ut

375 1553 457 1618 hene
479 1551 543 1632 fiat,
565 1557 649 1613 certe
672 1550 898 1612 additamento:
923 1554 975 1618 „tr
997 1551 1121 1615 πολλοῖς
1145 1547 1251 1616 ἄλλαις
1275 1549 1415 1610 πόλεσινς
1440 1551 1489 1613 vel
1509 1537 1605 1613 simili
1623 1570 1704 1633 opus
1723 1557 1780 1622 est.
1819 1550 1928 1630 Atque
1951 1549 1983 1610 id
2008 1568 2044 1611 eo
2065 1552 2165 1633 magis

377 1659 605 1738 desideratum,
623 1676 696 1731 cum
713 1661 819 1718 orator
836 1674 933 1739 supra
951 1656 1071 1719 eisdem
1081 1656 1186 1718 verbis
1201 1658 1219 1737 ξ
1233 1658 1287 1719 12;
1308 1655 1588 1737 ,,δορυρορούμενοι
1607 1657 1668 1721 τοῖς
1687 1659 1740 1715 τοῦ
1759 1653 1912 1731 τυράννου
1930 1657 2164 1734 στρατοπέδοιςί·

377 1765 591 1829 Macedonum
620 1765 751 1843 amicos,
781 1763 838 1846 qui
861 1762 998 1824 Athenis
1025 1768 1129 1842 erant,
1157 1761 1356 1845 significarit.
1403 1762 1589 1826 Voemelius
1619 1763 1676 1825 hac
1704 1761 1895 1825 obscuritate
1924 1762 2041 1826 ductus
2070 1765 2167 1828 verba

376 1871 417 1935 ad
439 1871 654 1934 Athenienses
677 1870 854 1953 proditores
877 1886 1042 1931 revocasse
1065 1868 1200 1946 ridetur,
1223 1869 1279 1932 sed
1303 1888 1347 1941 ne,
1365 1869 1543 1933 incredibili
1566 1868 1846 1932 medo'auctorem
1872 1869 1932 1932 sibi
1957 1871 2065 1953 ipsum
2090 1891 2165 1933 con·

376 1977 582 2041 tradicentem
606 1976 709 2057 faciat,
732 1975 986 2039 conditionaliter
1007 1976 1116 2038 uertit:
1147 1976 1349 2058 ,praesertim
1378 1977 1405 2039 si
1432 1975 1560 2039 fortuna
1584 1959 1801 2059 depresserit&
1847 1975 1944 2041 Recte
1967 1976 2103 2050 Weilius
2126 1979 2166 2040 ad

282 2131 285 2137 ·
376 2084 593 2148 hunc'locum
617 2088 758 2162 annotat,
787 2081 866 2147 hanc
895 2081 1133 2145 translationem
1160 2081 1322 2145 ferendam
1351 2102 1415 2145 non
1439 2104 1523 2163 esse,
1552 2102 1748 2165 quamquam
1777 2084 1845 2165 ipso
1873 2103 1935 2146 non
1964 2086 2166 2167 perspexisse

375 2191 517 2271 videtur,
539 2189 636 2254 verba
659 2194 795 2267 tantum,
817 2190 843 2251 si
867 2188 907 2251 ad
931 2208 976 2269 ea,
1000 2207 1082 2271 quae
1105 2189 1309 2252 antecedunt:
1335 2188 1509 2270 ,οιροβολτὲς
1532 2194 1635 2269 ἑτέρας
1659 2192 1875 2269 ἰσχυροτέραν
1896 2190 2085 2270 referantur,
2109 2212 2165 2255 ex.

376 2299 488 2384 plicari
510 2315 612 2383 posse.
663 2293 753 2358 Certe
782 2295 833 2357 hic
861 2314 992 2378 quoque
1019 2295 1110 2358 locus
1134 2295 1289 2358 obscurus
1313 2303 1369 2358 est.
1415 2295 1508 2357 Adde
1532 2296 1628 2359 rerba
1651 2300 1670 2373 ‚S
1691 2298 1746 2358 24:
1777 2295 1850 2365 ,οιαὶ
1880 2295 1950 2376 ἅμα
1977 2296 2077 2378 μικρὰ
2105 2303 2165 2378 μὲν

376 2405 417 2466 τὰ
437 2407 567 2487 ὑμέτερα
587 2406 719 2471 ποιοῦσι,
739 2398 778 2460 τοὶ
797 2400 826 2462 δὲ
847 2405 904 2461 τῶν
922 2404 1042 2482 ἐχθρῶν
1063 2401 1197 2480 ίσχυρά“
1216 2407 1349 2483 atquae
1369 2410 1559 2484 sequuntur,
1577 2403 1615 2465 dc
1635 2403 1754 2486 quihus
1773 2410 1857 2467 recte
1875 2403 2013 2467 Weilius
2027 2405 2164 2486 judicat:

378 2510 688 2595 ,L’argumeutation
707 2514 756 2573 est
774 2509 954 2573 extrement
973 2508 1101 2584 subtile;
1126 2509 1206 2570 mais
1225 2508 1285 2571 elle
1304 2507 1386 2571 n’est
1403 2529 1460 2593 pas
1481 2510 1585 2573 meme
1605 2511 1802 2593 specierise“;
1827 2518 1858 2573 ct
1877 2530 1968 2593 spero
1989 2517 2019 2574 te
2039 2532 2164 2576 mecum

376 2637 611 2682 consensurum
634 2634 714 2695 esse,
738 2614 788 2677 hic
812 2634 941 2698 quoque
961 2622 1086 2678 exstare
1104 2615 1217 2677 miram
1238 2614 1491 2698 discrepantiam,
1515 2636 1597 2698 quac
1615 2637 1679 2681 non
1700 2625 1761 2680 tam
1783 2618 1908 2698 oratori,
1932 2638 2027 2701 quam
2049 2621 2166 2683 rhetori

376 2725 548 2790 tribuenda
571 2725 620 2786 sit.

484 2831 533 2895 Ita
559 2830 592 2893 id
620 2848 751 2913 quoque
779 2828 970 2911 explicatur,
998 2846 1062 2909 quo
1090 2827 1186 2891 mode
1212 2828 1332 2891 factum
1362 2830 1416 2907 sit,
1444 2836 1481 2893 ut
1508 2837 1618 2894 auctor
1641 2831 1801 2894 inhaereat
1828 2833 1860 2893 in
1889 2831 2023 2894 foederis
2051 2831 2165 2895 verbis.

376 2938 526 3024 Figurate
553 2938 656 3001 dicere
680 2936 764 3016 vult,
792 2935 829 2998 cf.
859 2935 898 2997 de
924 2933 1069 3017 figuratis
1097 2934 1292 2998 orationihus
1320 2944 1352 2999 et
1374 2935 1457 2999 Dion
1490 2936 1591 3000 Halia.
1621 2945 1677 3000 art.
1705 2938 1782 3000 rhet.
1807 2958 1872 3020 cap.
1898 2940 1917 2999 8
1946 2944 1978 2999 et
1999 2958 2103 3019 proxx
2136 2946 2167 3001 et

376 3045 568 3109 Volkmann.
591 3044 610 3107 l.
634 3063 660 3106 c.
685 3063 755 3126 pag.
778 3043 827 3104 79.
874 3032 964 3104 ldem
983 3041 1121 3105 Weilius
1139 3043 1278 3104 sensisse
1296 3043 1432 3123 videtur,
1455 3063 1528 3107 cum
1549 3044 1681 3108 diceret:
1721 3045 1765 3125 „Il
1784 3051 1833 3107 est
1851 3045 1917 3106 urai
1938 3063 2001 3125 quc
2019 3044 2167 3107 l'orateur

377 3172 413 3218 se
435 3170 511 3237 pose
533 3171 574 3215 en
599 3150 768 3213 defenseur
791 3149 846 3211 des
870 3149 992 3212 traites:
1016 3148 1083 3210 loin
1102 3147 1141 3211 de
1160 3147 1331 3212 demandes
1350 3150 1446 3232 qu'on
1468 3152 1514 3213 les
1532 3151 1625 3229 viole,
1647 3151 1668 3212 il
1694 3152 1739 3213 dit
1762 3171 1804 3214 au
1828 3153 1982 3213 contraire
2003 3171 2065 3233 que
2089 3150 2167 3214 c'est

376 3280 421 3323 au
447 3278 525 3321 nom
552 3257 609 3321 des
634 3257 744 3319 traitbs
772 3254 850 3338 qu’il
877 3254 947 3317 faut
972 3253 1049 3318 faire
1075 3255 1106 3317 la
1132 3274 1247 3338 guerre
1274 3276 1340 3318 aux
1363 3255 1617 3321 macedonianae
1663 3259 1771 3340 Atque
1794 3263 1878 3319 recte
1903 3258 1969 3338 jam
1994 3257 2167 3321 scholiasta

377 3365 623 3444 domonstravit,
646 3382 703 3447 per
730 3368 827 3425 totam
855 3363 1030 3425 orationem
1063 3363 1205 3442 schema,
1228 3362 1314 3445 quod
1342 3363 1492 3428 rhetorici
1519 3369 1634 3426 vocant
1663 3365 1839 3433 ‚a'vavrlow
1870 3369 2058 3445 usurpatum
2089 3384 2166 3428 esse.

376 3472 510 3553 Dionys.
534 3471 555 3533 l.
579 3490 604 3533 o.
628 3471 690 3532 hoc
718 3469 846 3532 schema
873 3469 916 3531 ita
945 3469 1094 3551 explicat:
1124 3467 1187 3539 „rd,
1216 3466 1261 3536 οἷς
1287 3473 1372 3551 λέγει,
1401 3469 1440 3529 τοὶ
1469 3472 1594 3531 ἐναντία
1628 3473 1814 3549 πραχθῆναι
1843 3469 2166 3549 πραγματευόμενονῆ

376 3579 438 3645 Sed
462 3576 622 3661 quomodo
646 3577 708 3639 hoc
731 3582 842 3643 auctor
865 3576 1053 3659 usurpavit?
1099 3574 1168 3655 Nil,
1192 3577 1254 3639 nisi
1278 3597 1404 3661 semper
1427 3576 1537 3642 cedem
1561 3577 1654 3639 modo
1678 3581 1934 3659 argumentatur,
1960 3595 2073 3640 rursus
2095 3597 2166 3639 rur·

376 3703 499 3768 susque
529 3703 630 3768 paene
662 3685 693 3745 iu
728 3681 870 3746 taedium
902 3682 1029 3746 easdem
1052 3680 1218 3746 formulas:
1252 3690 1304 3754 „tr
1334 3687 1400 3752 ταῖς
1427 3687 1547 3750 κοινοῖς
1579 3683 1755 3764 ὁμολογίαις
1787 3686 1948 3762 ἐμμένειν·ί
1981 3683 2166 3771 similesque

376 3793 505 3877 repetit,
532 3792 565 3852 in
594 3792 663 3874 ipso
691 3790 816 3873 epilogo
840 3790 896 3870 jus
924 3788 998 3852 belli
1026 3790 1221 3872 suscipiendi
1249 3811 1268 3853 a
1294 3792 1378 3873 pacti
1401 3791 1506 3855 verbis
1534 3793 1626 3874 petit,
1653 3810 1732 3871 non,
1763 3790 1797 3851 id
1830 3788 1917 3872 quod
1951 3796 2055 3851 orator
2082 3797 2166 3853 certe

375 3901 518 3981 fecisset,
544 3917 586 3962 ex
613 3896 723 3977 rebus,
752 3915 834 3980 quae
862 3896 901 3958 ad
929 3895 1048 3959 bellarm
1076 3903 1185 3960 contra
1208 3896 1370 3965 absentem
1395 3897 1618 3962 Alexandrum
1642 3895 1883 3979 suscipiendum
1911 3896 2043 3958 idoneae
2066 3905 2164 3960 erant.

375 4007 452 4072 Tam
475 4007 571 4070 auxie
594 4010 626 4067 et
648 4005 717 4067 sine
740 4003 807 4065 ulla
829 4010 895 4065 arte
918 4022 960 4065 ex
984 4003 1143 4066 schemate
1166 4022 1217 4066 res
1240 4007 1401 4087 proposita
1420 4010 1550 4067 tractata
1573 4011 1630 4067 est.
1674 4003 1782 4066 Talem
1802 4009 1909 4065 autem
1928 4002 2060 4065 ductum
2084 4003 2165 4086 figu-

376 4121 482 4178 ratum
506 4113 690 4196 saepissime
714 4113 749 4172 in
772 4110 934 4173 rhetorum
959 4109 1077 4172 scholis
1101 4115 1270 4172 tractatum
1294 4118 1325 4173 et
1343 4113 1447 4173 varias
1471 4130 1511 4174 cx
1536 4111 1704 4174 schematis
1723 4109 1875 4191 figuratas
1900 4110 2058 4171 orationes
2081 4129 2166 4172 com-

375 4221 495 4305 positas
518 4238 589 4283 esse
607 4226 639 4283 et
657 4237 713 4301 per
736 4236 771 4280 se
794 4216 895 4299 liquet
918 4222 949 4279 et
973 4215 1166 4279 Volhmanni
1189 4217 1207 4278 l.
1228 4237 1253 4279 c.
1272 4237 1341 4300 pag.
1363 4217 1403 4279 78
1427 4218 1533 4281 verbis
1556 4218 1770 4282 confirmatur.

483 4325 555 4390 Jam
575 4345 659 4388 nova
677 4324 888 4406 discrepantia
897 4328 1010 4385 exstat.
1038 4321 1123 4403 Loci,
1144 4324 1304 4406 quibusin
1323 4325 1441 4406 patriae
1451 4323 1673 4387 obtrectatores
1692 4323 1864 4402 invehitur,
1883 4327 2165 4404 tantopereacete-

319 4505 322 4511 ,
375 4436 420 4498 ris
440 4432 599 4513 differunt,
617 4438 654 4496 ut
671 4449 771 4514 paene
782 4428 1065 4493 Demosthenicum
1086 4431 1223 4493 colorem
1245 4430 1380 4494 habeant
1415 4429 1582 4513 Leguntur
1601 4430 1615 4491 l
1636 4434 1654 4505 ξ
1672 4431 1690 4492 9
1710 4429 1779 4511 (ubi
1800 4430 1946 4491 utilitatis
1966 4429 2084 4491 mentio
2104 4428 2163 4507 fita

376 4541 410 4605 ΙΙ
430 4544 448 4621 ξ
467 4541 507 4602 12
526 4545 559 4604 et
579 4540 619 4601 13
639 4539 861 4617 (inveniuntur
879 4543 910 4600 et
928 4537 1025 4599 verba
1044 4536 1197 4599 efficacia:
1222 4537 1259 4603 ὡς
1278 4536 1334 4596 καὶ
1352 4539 1509 4617 ἐπιορκίας
1527 4535 1756 4616 αὐτοκράτορος
1775 4534 1861 4603 ὄντος
1879 4538 1997 4595 ἐκείνου
2015 4542 2046 4596 et
2065 4535 2165 4612 solus,

377 4667 473 4730 quem
499 4645 593 4709 habet
614 4646 723 4724 oraAiO,
745 4644 837 4707 loeus
859 4645 1054 4706 communis:
1081 4645 1142 4709 τοῖς
1164 4642 1224 4722 γὰρ
1244 4642 1436 4723 πεπρακόσιν
1453 4642 1581 4706 ἑαυτοὺς
1603 4649 1645 4709 εἰς
1670 4641 1708 4702 τὰ
1733 4646 1770 4727 τῇ
1794 4640 1917 4721 πατρίδι
1939 4643 2162 4719 nowchamp

376 4753 427 4818 III
452 4756 471 4834 ξ
498 4755 552 4831 18ς
576 4752 624 4815 IV
648 4752 822 4830 §al-25
852 4750 981 4833 (aliqmd
1011 4751 1225 4832 comperimus
1253 4749 1291 4813 de
1319 4749 1467 4813 facultate
1490 4770 1556 4813 rem
1582 4749 1768 4833 efficiendi);
1793 4749 1822 4808 V
1847 4752 1865 4827 ξ
1890 4749 1941 4810 29.
1992 4746 2078 4810 Hine
2103 4748 2164 4810 loci

375 4861 511 4924 fortasse
538 4878 580 4923 ex
607 4857 833 4921 Demosthenis
861 4856 1057 4921 orationibus
1086 4857 1263 4940 deprompti
1292 4857 1389 4919 suut?
1435 4856 1692 4919 Inveniunturnc
1721 4855 1780 4918 loci
1809 4855 2020 4936 transscripti,
2053 4853 2163 4935 quales

376 4968 510 5030 suntin
534 4966 604 5028 aliis
628 4965 667 5028 ab
690 4964 870 5028 rhetoribus
893 4963 975 5027 fictis
1004 4964 1220 5027 orationibus?
1266 4962 1444 5045 Postquam
1473 4964 1631 5026 orationes
1660 4982 1732 5026 vere
1756 4960 2018 5024 Demosthenicas
2046 4965 2164 5023 attente

376 5072 579 5155 perlegimus,
602 5072 698 5155 paulo
723 5073 892 5154 ampliores
916 5056 1110 5135 verbotenus
1134 5071 1302 5134 translatos
1326 5070 1415 5132 locos
1439 5070 1548 5133 afferre
1573 5090 1635 5132 uon
1660 5088 1843 5151 possumus,
1872 5066 1926 5130 sed
1951 5066 2083 5138 similes,
2107 5069 2161 5148 qui

375 5180 533 5242 retractati
556 5183 588 5242 et
609 5180 785 5242 imitatione
804 5179 947 5261 expressi
968 5197 1038 5241 esse
1057 5177 1233 5257 videantur,
1256 5197 1322 5240 non
1348 5184 1411 5240 tam
1436 5179 1529 5259 pauci
1548 5181 1684 5241 exstant.
1732 5175 1809 5238 Fere
1829 5175 1909 5236 idem
1932 5182 1979 5236 est
1999 5192 2164 5248 numerus,
